timestamp_us,yes_volume,yes_slippage,yes_bid,yes_ask,yes_spread,no_volume,no_slippage,no_bid,no_ask,no_spread,bid_sum_discrepancy,ask_sum_discrepancy
1767724205736836,,,0.5000,,,,,,0.5000,,,
1767724219748016,,,0.5000,0.5800,0.0800,9.50,,0.4200,0.5000,0.0800,0.080000,-0.080000
1767724227808342,,,0.5400,0.5800,0.0400,9.50,,0.4200,0.4600,0.0400,0.040000,-0.040000
1767724229000000,,,0.5000,0.5800,0.0800,9.96,0.0400,0.4200,0.5000,0.0800,0.080000,-0.080000
1767724229875855,,,0.5000,0.5400,0.0400,9.96,0.0400,0.4600,0.5000,0.0400,0.040000,-0.040000
1767724231281109,,,0.5100,0.5400,0.0300,9.96,0.0400,0.4600,0.4900,0.0300,0.030000,-0.030000
1767724235252309,,,0.5000,0.5400,0.0400,41.76,4.7000,0.4600,0.5000,0.0400,0.040000,-0.040000
1767724235252309,,,0.4500,0.5400,0.0900,41.76,4.7000,0.4600,0.5500,0.0900,0.090000,-0.090000
1767724235473411,,,0.4500,0.4600,0.0100,41.76,4.7000,0.5400,0.5500,0.0100,0.010000,-0.010000
1767724240595475,,,0.4500,0.4900,0.0400,42.86,4.7200,0.5100,0.5500,0.0400,0.040000,-0.040000
1767724240596583,,,0.4000,0.4900,0.0900,42.86,4.7200,0.5100,0.6000,0.0900,0.090000,-0.090000
1767724240596583,,,0.4000,0.4500,0.0500,42.86,4.7200,0.5500,0.6000,0.0500,0.050000,-0.050000
1767724243659720,,,0.4000,0.4300,0.0300,42.86,4.7200,0.5700,0.6000,0.0300,0.030000,-0.030000
1767724243659741,,,0.3800,0.4300,0.0500,42.86,4.7200,0.5700,0.6200,0.0500,0.050000,-0.050000
1767724244493649,,,0.2300,0.4300,0.2000,42.86,4.7200,0.5700,0.7700,0.2000,0.200000,-0.200000
1767724244494534,,,0.2300,0.4800,0.2500,42.86,4.7200,0.5200,0.7700,0.2500,0.250000,-0.250000
1767724244495478,,,0.3700,0.4800,0.1100,42.86,4.7200,0.5200,0.6300,0.1100,0.110000,-0.110000
1767724244496249,,,0.3700,0.4100,0.0400,42.86,4.7200,0.5900,0.6300,0.0400,0.040000,-0.040000
1767724245228260,,,0.3700,0.4000,0.0300,42.86,4.7200,0.6000,0.6300,0.0300,0.030000,-0.030000
1767724245281622,,,0.3700,0.4100,0.0400,42.86,4.7200,0.5900,0.6300,0.0400,0.040000,-0.040000
1767724245281622,,,0.3700,0.3900,0.0200,42.86,4.7200,0.6100,0.6300,0.0200,0.020000,-0.020000
1767724245347178,,,0.3700,0.4100,0.0400,42.86,4.7200,0.5900,0.6300,0.0400,0.040000,-0.040000
1767724245347178,,,0.3700,0.3800,0.0100,42.86,4.7200,0.6200,0.6300,0.0100,0.010000,-0.010000
1767724246531825,38.00,1.0000,0.3700,0.4200,0.0500,42.86,4.7200,0.5800,0.6300,0.0500,0.050000,-0.050000
1767724246746377,38.00,1.0000,0.2300,0.4200,0.1900,42.86,4.7200,0.5800,0.7700,0.1900,0.190000,-0.190000
1767724246746702,38.00,1.0000,0.3800,0.4200,0.0400,42.86,4.7200,0.5800,0.6200,0.0400,0.040000,-0.040000
1767724246747230,38.00,1.0000,0.3800,0.4300,0.0500,42.86,4.7200,0.5700,0.6200,0.0500,0.050000,-0.050000
1767724246834054,38.00,1.0000,0.3800,0.4200,0.0400,42.86,4.7200,0.5800,0.6200,0.0400,0.040000,-0.040000
1767724246946297,38.00,1.0000,0.3800,0.4300,0.0500,42.86,4.7200,0.5700,0.6200,0.0500,0.050000,-0.050000
1767724246946297,38.00,1.0000,0.3800,0.4100,0.0300,42.86,4.7200,0.5900,0.6200,0.0300,0.030000,-0.030000
1767724247062786,42.00,1.2000,0.3800,0.4300,0.0500,42.86,4.7200,0.5700,0.6200,0.0500,0.050000,-0.050000
1767724247062786,42.00,1.2000,0.3800,0.4000,0.0200,42.86,4.7200,0.6000,0.6200,0.0200,0.020000,-0.020000
1767724247896820,42.00,1.2000,0.3800,0.4300,0.0500,42.86,4.7200,0.5700,0.6200,0.0500,0.050000,-0.050000
1767724248444003,83.00,4.2000,0.3800,0.4200,0.0400,42.86,4.7200,0.5800,0.6200,0.0400,0.040000,-0.040000
1767724248499714,83.00,4.2000,0.3800,0.4300,0.0500,42.86,4.7200,0.5700,0.6200,0.0500,0.050000,-0.050000
1767724248499714,83.00,4.2000,0.3800,0.4100,0.0300,42.86,4.7200,0.5900,0.6200,0.0300,0.030000,-0.030000
1767724248667466,83.00,4.2000,0.3800,0.4300,0.0500,42.86,4.7200,0.5700,0.6200,0.0500,0.050000,-0.050000
1767724249747046,83.00,4.2000,0.3900,0.4300,0.0400,42.86,4.7200,0.5700,0.6100,0.0400,0.040000,-0.040000
1767724250843481,83.00,4.2000,0.3800,0.4300,0.0500,42.86,4.7200,0.5700,0.6200,0.0500,0.050000,-0.050000
1767724251950096,83.00,4.2000,0.3800,0.4200,0.0400,42.86,4.7200,0.5800,0.6200,0.0400,0.040000,-0.040000
1767724252977073,83.00,4.2000,0.3900,0.4200,0.0300,42.86,4.7200,0.5800,0.6100,0.0300,0.030000,-0.030000
1767724255128216,90.56,4.7400,0.3800,0.4200,0.0400,42.86,4.7200,0.5800,0.6200,0.0400,0.040000,-0.040000
1767724256244574,90.56,4.7400,0.3800,0.4300,0.0500,42.86,4.7200,0.5700,0.6200,0.0500,0.050000,-0.050000
1767724258096276,100.45,5.8900,0.3800,0.4600,0.0800,42.86,4.7200,0.5400,0.6200,0.0800,0.080000,-0.080000
1767724258096520,100.45,5.8900,0.3800,0.4200,0.0400,42.86,4.7200,0.5800,0.6200,0.0400,0.040000,-0.040000
1767724261095984,100.45,5.8900,0.3800,0.4100,0.0300,42.86,4.7200,0.5900,0.6200,0.0300,0.030000,-0.030000
1767724261147224,100.45,5.8900,0.3800,0.4000,0.0200,42.86,4.7200,0.6000,0.6200,0.0200,0.020000,-0.020000
1767724263969412,100.45,5.8900,0.3800,0.3900,0.0100,42.86,4.7200,0.6100,0.6200,0.0100,0.010000,-0.010000
1767724264176923,104.35,5.9900,0.3800,0.4000,0.0200,49.06,4.8200,0.6000,0.6200,0.0200,0.020000,-0.020000
1767724264214558,104.35,5.9900,0.3800,0.3900,0.0100,49.06,4.8200,0.6100,0.6200,0.0100,0.010000,-0.010000
1767724264246507,104.35,5.9900,0.3800,0.4200,0.0400,49.06,4.8200,0.5800,0.6200,0.0400,0.040000,-0.040000
1767724264247860,104.35,5.9900,0.3300,0.4200,0.0900,49.06,4.8200,0.5800,0.6700,0.0900,0.090000,-0.090000
1767724264247860,104.35,5.9900,0.3300,0.3800,0.0500,49.06,4.8200,0.6200,0.6700,0.0500,0.050000,-0.050000
1767724264264590,104.35,5.9900,0.1600,0.3800,0.2200,49.06,4.8200,0.6200,0.8400,0.2200,0.220000,-0.220000
1767724264407452,104.35,5.9900,0.3300,0.3800,0.0500,49.06,4.8200,0.6200,0.6700,0.0500,0.050000,-0.050000
1767724264481038,104.35,5.9900,0.3300,0.4200,0.0900,49.06,4.8200,0.5800,0.6700,0.0900,0.090000,-0.090000
1767724264483262,104.35,5.9900,0.3300,0.3700,0.0400,49.06,4.8200,0.6300,0.6700,0.0400,0.040000,-0.040000
1767724264512867,104.35,5.9900,0.1600,0.3700,0.2100,49.06,4.8200,0.6300,0.8400,0.2100,0.210000,-0.210000
1767724264515152,104.35,5.9900,0.3200,0.3700,0.0500,49.06,4.8200,0.6300,0.6800,0.0500,0.050000,-0.050000
1767724264594831,104.35,5.9900,0.1600,0.3700,0.2100,49.06,4.8200,0.6300,0.8400,0.2100,0.210000,-0.210000
1767724264594867,104.35,5.9900,0.3100,0.3700,0.0600,49.06,4.8200,0.6300,0.6900,0.0600,0.060000,-0.060000
1767724264595754,104.35,5.9900,0.3100,0.5400,0.2300,49.06,4.8200,0.4600,0.6900,0.2300,0.230000,-0.230000
1767724264595855,104.35,5.9900,0.3100,0.3600,0.0500,49.06,4.8200,0.6400,0.6900,0.0500,0.050000,-0.050000
1767724265221809,104.35,5.9900,0.3100,0.3500,0.0400,49.06,4.8200,0.6500,0.6900,0.0400,0.040000,-0.040000
1767724265223780,104.35,5.9900,0.3000,0.3500,0.0500,49.06,4.8200,0.6500,0.7000,0.0500,0.050000,-0.050000
1767724266956923,104.35,5.9900,0.3000,0.3600,0.0600,49.06,4.8200,0.6400,0.7000,0.0600,0.060000,-0.060000
1767724266959627,104.35,5.9900,0.3200,0.3600,0.0400,49.06,4.8200,0.6400,0.6800,0.0400,0.040000,-0.040000
1767724267126552,104.35,5.9900,0.3200,0.3700,0.0500,49.06,4.8200,0.6300,0.6800,0.0500,0.050000,-0.050000
1767724267182125,104.35,5.9900,0.3200,0.3600,0.0400,49.06,4.8200,0.6400,0.6800,0.0400,0.040000,-0.040000
1767724267296727,104.35,5.9900,0.3000,0.3600,0.0600,49.06,4.8200,0.6400,0.7000,0.0600,0.060000,-0.060000
1767724267306995,104.35,5.9900,0.3000,0.3500,0.0500,49.06,4.8200,0.6500,0.7000,0.0500,0.050000,-0.050000
1767724270847325,123.25,8.6900,0.3100,0.3500,0.0400,49.06,4.8200,0.6500,0.6900,0.0400,0.040000,-0.040000
1767724271025058,123.25,8.6900,0.3100,0.3600,0.0500,49.06,4.8200,0.6400,0.6900,0.0500,0.050000,-0.050000
1767724271944487,123.25,8.6900,0.3100,0.3500,0.0400,49.06,4.8200,0.6500,0.6900,0.0400,0.040000,-0.040000
1767724271945241,123.25,8.6900,0.3000,0.3500,0.0500,49.06,4.8200,0.6500,0.7000,0.0500,0.050000,-0.050000
1767724273121085,123.25,8.6900,0.2800,0.3500,0.0700,49.06,4.8200,0.6500,0.7200,0.0700,0.070000,-0.070000
1767724273123986,123.25,8.6900,0.2800,0.3100,0.0300,49.06,4.8200,0.6900,0.7200,0.0300,0.030000,-0.030000
1767724273280749,123.25,8.6900,0.2800,0.3200,0.0400,49.06,4.8200,0.6800,0.7200,0.0400,0.040000,-0.040000
1767724273553077,123.25,8.6900,0.2800,0.3300,0.0500,49.06,4.8200,0.6700,0.7200,0.0500,0.050000,-0.050000
1767724274446930,123.25,8.6900,0.2800,0.3500,0.0700,49.06,4.8200,0.6500,0.7200,0.0700,0.070000,-0.070000
1767724274447199,123.25,8.6900,0.2900,0.3500,0.0600,49.06,4.8200,0.6500,0.7100,0.0600,0.060000,-0.060000
1767724274448575,123.25,8.6900,0.2900,0.3400,0.0500,49.06,4.8200,0.6600,0.7100,0.0500,0.050000,-0.050000
1767724277689220,123.25,8.6900,0.2900,0.3300,0.0400,49.06,4.8200,0.6700,0.7100,0.0400,0.040000,-0.040000
1767724279949209,123.25,8.6900,0.3000,0.3300,0.0300,49.06,4.8200,0.6700,0.7000,0.0300,0.030000,-0.030000
1767724283257081,123.25,8.6900,0.3100,0.3300,0.0200,49.06,4.8200,0.6700,0.6900,0.0200,0.020000,-0.020000
1767724283508799,123.25,8.6900,0.3100,0.3400,0.0300,49.06,4.8200,0.6600,0.6900,0.0300,0.030000,-0.030000
1767724288492737,123.25,8.6900,0.3100,0.3500,0.0400,49.06,4.8200,0.6500,0.6900,0.0400,0.040000,-0.040000
1767724288527876,123.25,8.6900,0.3200,0.3500,0.0300,49.06,4.8200,0.6500,0.6800,0.0300,0.030000,-0.030000
1767724292000000,126.75,8.9900,0.3200,0.3600,0.0400,49.06,4.8200,0.6400,0.6800,0.0400,0.040000,-0.040000
1767724292485292,126.75,8.9900,0.3500,0.3600,0.0100,49.06,4.8200,0.6400,0.6500,0.0100,0.010000,-0.010000
1767724298188764,130.35,9.0900,0.3200,0.3600,0.0400,118.21,8.0500,0.6400,0.6800,0.0400,0.040000,-0.040000
1767724298286001,130.35,9.0900,0.3100,0.3600,0.0500,118.21,8.0500,0.6400,0.6900,0.0500,0.050000,-0.050000
1767724298343647,130.35,9.0900,0.3000,0.3600,0.0600,118.21,8.0500,0.6400,0.7000,0.0600,0.060000,-0.060000
1767724298361414,130.35,9.0900,0.3100,0.3600,0.0500,118.21,8.0500,0.6400,0.6900,0.0500,0.050000,-0.050000
1767724298386826,130.35,9.0900,0.3000,0.3600,0.0600,118.21,8.0500,0.6400,0.7000,0.0600,0.060000,-0.060000
1767724298487649,130.35,9.0900,0.3000,0.3400,0.0400,118.21,8.0500,0.6600,0.7000,0.0400,0.040000,-0.040000
1767724298646805,130.35,9.0900,0.3000,0.3300,0.0300,118.21,8.0500,0.6700,0.7000,0.0300,0.030000,-0.030000
1767724298664689,130.35,9.0900,0.3100,0.3300,0.0200,118.21,8.0500,0.6700,0.6900,0.0200,0.020000,-0.020000
1767724298758236,130.35,9.0900,0.3200,0.3300,0.0100,118.21,8.0500,0.6700,0.6800,0.0100,0.010000,-0.010000
1767724299149381,142.43,9.6500,0.3100,0.3300,0.0200,118.21,8.0500,0.6700,0.6900,0.0200,0.020000,-0.020000
1767724299211669,142.43,9.6500,0.3100,0.3600,0.0500,118.21,8.0500,0.6400,0.6900,0.0500,0.050000,-0.050000
1767724299275372,142.43,9.6500,0.3100,0.3500,0.0400,118.21,8.0500,0.6500,0.6900,0.0400,0.040000,-0.040000
1767724303792723,143.13,9.7300,0.3000,0.3500,0.0500,118.21,8.0500,0.6500,0.7000,0.0500,0.050000,-0.050000
1767724303792723,143.13,9.7300,0.3200,0.3500,0.0300,118.21,8.0500,0.6500,0.6800,0.0300,0.030000,-0.030000
1767724305642090,143.13,9.7300,0.3000,0.3500,0.0500,118.21,8.0500,0.6500,0.7000,0.0500,0.050000,-0.050000
1767724306267724,143.13,9.7300,0.3100,0.3500,0.0400,118.21,8.0500,0.6500,0.6900,0.0400,0.040000,-0.040000
1767724308093656,143.13,9.7300,0.3100,0.3400,0.0300,118.21,8.0500,0.6600,0.6900,0.0300,0.030000,-0.030000
1767724308182058,143.13,9.7300,0.3100,0.3300,0.0200,118.21,8.0500,0.6700,0.6900,0.0200,0.020000,-0.020000
1767724315806112,146.43,9.9300,0.3100,0.3400,0.0300,118.21,8.0500,0.6600,0.6900,0.0300,0.030000,-0.030000
1767724315960356,146.43,9.9300,0.3100,0.3500,0.0400,118.21,8.0500,0.6500,0.6900,0.0400,0.040000,-0.040000
1767724315962387,146.43,9.9300,0.3100,0.3400,0.0300,118.21,8.0500,0.6600,0.6900,0.0300,0.030000,-0.030000
1767724315995747,146.43,9.9300,0.3200,0.3400,0.0200,118.21,8.0500,0.6600,0.6800,0.0200,0.020000,-0.020000
1767724316099105,152.72,10.7800,0.3200,0.3700,0.0500,118.21,8.0500,0.6300,0.6800,0.0500,0.050000,-0.050000
1767724316101815,152.72,10.7800,0.3200,0.3600,0.0400,118.21,8.0500,0.6400,0.6800,0.0400,0.040000,-0.040000
1767724316117041,152.72,10.7800,0.3200,0.3400,0.0200,118.21,8.0500,0.6600,0.6800,0.0200,0.020000,-0.020000
1767724316118985,152.72,10.7800,0.3300,0.3400,0.0100,118.21,8.0500,0.6600,0.6700,0.0100,0.010000,-0.010000
1767724316309148,152.72,10.7800,0.3300,0.3700,0.0400,118.21,8.0500,0.6300,0.6700,0.0400,0.040000,-0.040000
1767724316655017,152.72,10.7800,0.3200,0.3700,0.0500,118.21,8.0500,0.6300,0.6800,0.0500,0.050000,-0.050000
1767724316655017,152.72,10.7800,0.3400,0.3700,0.0300,118.21,8.0500,0.6300,0.6600,0.0300,0.030000,-0.030000
1767724317067470,156.32,10.9800,0.2600,0.3700,0.1100,118.21,8.0500,0.6300,0.7400,0.1100,0.110000,-0.110000
1767724317067470,156.32,10.9800,0.3200,0.3700,0.0500,118.21,8.0500,0.6300,0.6800,0.0500,0.050000,-0.050000
1767724317197482,156.32,10.9800,0.3200,0.3600,0.0400,118.21,8.0500,0.6400,0.6800,0.0400,0.040000,-0.040000
1767724322173726,161.00,11.5000,0.3200,0.3500,0.0300,125.01,8.4500,0.6500,0.6800,0.0300,0.030000,-0.030000
1767724322360191,161.00,11.5000,0.3200,0.3400,0.0200,125.01,8.4500,0.6600,0.6800,0.0200,0.020000,-0.020000
1767724325496716,161.00,11.5000,0.3100,0.3400,0.0300,125.01,8.4500,0.6600,0.6900,0.0300,0.030000,-0.030000
1767724328162201,161.00,11.5000,0.3100,0.3300,0.0200,125.01,8.4500,0.6700,0.6900,0.0200,0.020000,-0.020000
1767724328383490,161.00,11.5000,0.3100,0.3200,0.0100,125.01,8.4500,0.6800,0.6900,0.0100,0.010000,-0.010000
1767724328439403,161.00,11.5000,0.3100,0.3300,0.0200,125.01,8.4500,0.6700,0.6900,0.0200,0.020000,-0.020000
1767724328524042,161.00,11.5000,0.3100,0.3200,0.0100,125.01,8.4500,0.6800,0.6900,0.0100,0.010000,-0.010000
1767724328568970,161.00,11.5000,0.3100,0.3300,0.0200,125.01,8.4500,0.6700,0.6900,0.0200,0.020000,-0.020000
1767724328830414,161.00,11.5000,0.3100,0.3200,0.0100,125.01,8.4500,0.6800,0.6900,0.0100,0.010000,-0.010000
1767724328882021,161.00,11.5000,0.3100,0.3300,0.0200,125.01,8.4500,0.6700,0.6900,0.0200,0.020000,-0.020000
1767724329418377,161.00,11.5000,0.3100,0.3200,0.0100,125.01,8.4500,0.6800,0.6900,0.0100,0.010000,-0.010000
1767724329513427,161.00,11.5000,0.3100,0.3300,0.0200,125.01,8.4500,0.6700,0.6900,0.0200,0.020000,-0.020000
1767724329625191,161.00,11.5000,0.3100,0.3200,0.0100,125.01,8.4500,0.6800,0.6900,0.0100,0.010000,-0.010000
1767724329732002,161.00,11.5000,0.3100,0.3300,0.0200,125.01,8.4500,0.6700,0.6900,0.0200,0.020000,-0.020000
1767724330397537,161.00,11.5000,0.3100,0.3200,0.0100,125.01,8.4500,0.6800,0.6900,0.0100,0.010000,-0.010000
1767724330455968,161.00,11.5000,0.3100,0.3300,0.0200,125.01,8.4500,0.6700,0.6900,0.0200,0.020000,-0.020000
1767724330823725,161.00,11.5000,0.3100,0.3200,0.0100,125.01,8.4500,0.6800,0.6900,0.0100,0.010000,-0.010000
1767724331093199,164.30,11.7000,0.3100,0.3300,0.0200,125.01,8.4500,0.6700,0.6900,0.0200,0.020000,-0.020000
1767724331331707,164.30,11.7000,0.3100,0.3400,0.0300,125.01,8.4500,0.6600,0.6900,0.0300,0.030000,-0.030000
1767724331400923,164.30,11.7000,0.3000,0.3400,0.0400,125.01,8.4500,0.6600,0.7000,0.0400,0.040000,-0.040000
1767724331401280,164.30,11.7000,0.3300,0.3400,0.0100,125.01,8.4500,0.6600,0.6700,0.0100,0.010000,-0.010000
1767724333109457,167.70,11.8000,0.3300,0.3500,0.0200,128.36,8.5000,0.6500,0.6700,0.0200,0.020000,-0.020000
1767724336046813,173.65,12.1400,0.3200,0.3500,0.0300,128.36,8.5000,0.6500,0.6800,0.0300,0.030000,-0.030000
1767724336047046,173.65,12.1400,0.3400,0.3500,0.0100,128.36,8.5000,0.6500,0.6600,0.0100,0.010000,-0.010000
1767724338877823,197.80,12.8300,0.3300,0.3500,0.0200,128.36,8.5000,0.6500,0.6700,0.0200,0.020000,-0.020000
1767724339113201,223.35,14.2900,0.3400,0.3500,0.0100,128.36,8.5000,0.6500,0.6600,0.0100,0.010000,-0.010000
1767724339697401,223.35,14.2900,0.3300,0.3500,0.0200,128.36,8.5000,0.6500,0.6700,0.0200,0.020000,-0.020000
1767724339797580,223.35,14.2900,0.3300,0.3600,0.0300,128.36,8.5000,0.6400,0.6700,0.0300,0.030000,-0.030000
1767724339797853,223.35,14.2900,0.3300,0.3900,0.0600,128.36,8.5000,0.6100,0.6700,0.0600,0.060000,-0.060000
1767724339805623,223.35,14.2900,0.3300,0.3800,0.0500,128.36,8.5000,0.6200,0.6700,0.0500,0.050000,-0.050000
1767724339819468,223.35,14.2900,0.3400,0.3800,0.0400,128.36,8.5000,0.6200,0.6600,0.0400,0.040000,-0.040000
1767724339872506,223.35,14.2900,0.3500,0.3800,0.0300,128.36,8.5000,0.6200,0.6500,0.0300,0.030000,-0.030000
1767724339936718,223.35,14.2900,0.3500,0.3700,0.0200,128.36,8.5000,0.6300,0.6500,0.0200,0.020000,-0.020000
1767724339988196,223.35,14.2900,0.3500,0.3800,0.0300,128.36,8.5000,0.6200,0.6500,0.0300,0.030000,-0.030000
1767724340035304,228.90,14.5900,0.3500,0.3700,0.0200,128.36,8.5000,0.6300,0.6500,0.0200,0.020000,-0.020000
1767724340056667,228.90,14.5900,0.3400,0.3700,0.0300,128.36,8.5000,0.6300,0.6600,0.0300,0.030000,-0.030000
1767724340056667,228.90,14.5900,0.3600,0.3700,0.0100,128.36,8.5000,0.6300,0.6400,0.0100,0.010000,-0.010000
1767724340086755,228.90,14.5900,0.3600,0.3800,0.0200,128.36,8.5000,0.6200,0.6400,0.0200,0.020000,-0.020000
1767724340219127,228.90,14.5900,0.3600,0.3700,0.0100,128.36,8.5000,0.6300,0.6400,0.0100,0.010000,-0.010000
1767724343057480,262.67,15.6000,0.3300,0.3700,0.0400,146.18,9.3100,0.6300,0.6700,0.0400,0.040000,-0.040000
1767724343057480,262.67,15.6000,0.3400,0.3700,0.0300,146.18,9.3100,0.6300,0.6600,0.0300,0.030000,-0.030000
1767724343098986,262.67,15.6000,0.3400,0.3600,0.0200,146.18,9.3100,0.6400,0.6600,0.0200,0.020000,-0.020000
1767724343249627,262.67,15.6000,0.3400,0.3500,0.0100,146.18,9.3100,0.6500,0.6600,0.0100,0.010000,-0.010000
1767724343344587,262.67,15.6000,0.3300,0.3500,0.0200,146.18,9.3100,0.6500,0.6700,0.0200,0.020000,-0.020000
1767724343344867,262.67,15.6000,0.3300,0.3600,0.0300,146.18,9.3100,0.6400,0.6700,0.0300,0.030000,-0.030000
1767724343348516,262.67,15.6000,0.3300,0.3900,0.0600,146.18,9.3100,0.6100,0.6700,0.0600,0.060000,-0.060000
1767724343371513,262.67,15.6000,0.3300,0.3800,0.0500,146.18,9.3100,0.6200,0.6700,0.0500,0.050000,-0.050000
1767724343395623,262.67,15.6000,0.3300,0.3500,0.0200,146.18,9.3100,0.6500,0.6700,0.0200,0.020000,-0.020000
1767724343498299,262.67,15.6000,0.3300,0.3800,0.0500,146.18,9.3100,0.6200,0.6700,0.0500,0.050000,-0.050000
1767724343957673,262.67,15.6000,0.3300,0.3700,0.0400,146.18,9.3100,0.6300,0.6700,0.0400,0.040000,-0.040000
1767724344015447,262.67,15.6000,0.3300,0.3800,0.0500,146.18,9.3100,0.6200,0.6700,0.0500,0.050000,-0.050000
1767724344015447,262.67,15.6000,0.3300,0.3600,0.0300,146.18,9.3100,0.6400,0.6700,0.0300,0.030000,-0.030000
1767724344057947,262.67,15.6000,0.3300,0.3500,0.0200,146.18,9.3100,0.6500,0.6700,0.0200,0.020000,-0.020000
1767724344411642,262.67,15.6000,0.3300,0.3400,0.0100,146.18,9.3100,0.6600,0.6700,0.0100,0.010000,-0.010000
1767724344508377,262.67,15.6000,0.3200,0.3400,0.0200,146.18,9.3100,0.6600,0.6800,0.0200,0.020000,-0.020000
1767724344621464,262.67,15.6000,0.3200,0.3300,0.0100,146.18,9.3100,0.6700,0.6800,0.0100,0.010000,-0.010000
1767724345364036,262.67,15.6000,0.3100,0.3300,0.0200,149.58,9.3600,0.6700,0.6900,0.0200,0.020000,-0.020000
1767724345364036,262.67,15.6000,0.3100,0.3200,0.0100,149.58,9.3600,0.6800,0.6900,0.0100,0.010000,-0.010000
1767724346895269,262.67,15.6000,0.3000,0.3200,0.0200,149.58,9.3600,0.6800,0.7000,0.0200,0.020000,-0.020000
1767724351349768,262.67,15.6000,0.3000,0.3100,0.0100,157.28,9.5800,0.6900,0.7000,0.0100,0.010000,-0.010000
1767724351505231,262.67,15.6000,0.2700,0.3100,0.0400,157.28,9.5800,0.6900,0.7300,0.0400,0.040000,-0.040000
1767724351505231,262.67,15.6000,0.2700,0.3000,0.0300,157.28,9.5800,0.7000,0.7300,0.0300,0.030000,-0.030000
1767724352004480,262.67,15.6000,0.2600,0.3000,0.0400,157.28,9.5800,0.7000,0.7400,0.0400,0.040000,-0.040000
1767724352772088,262.67,15.6000,0.2700,0.3000,0.0300,157.28,9.5800,0.7000,0.7300,0.0300,0.030000,-0.030000
1767724354898336,262.67,15.6000,0.2700,0.2900,0.0200,161.66,9.7600,0.7100,0.7300,0.0200,0.020000,-0.020000
1767724355058240,262.67,15.6000,0.2700,0.2800,0.0100,170.42,10.0000,0.7200,0.7300,0.0100,0.010000,-0.010000
1767724355217180,262.67,15.6000,0.2400,0.2800,0.0400,170.42,10.0000,0.7200,0.7600,0.0400,0.040000,-0.040000
1767724355217180,262.67,15.6000,0.2400,0.2700,0.0300,170.42,10.0000,0.7300,0.7600,0.0300,0.030000,-0.030000
1767724357859866,262.67,15.6000,0.2500,0.2700,0.0200,170.42,10.0000,0.7300,0.7500,0.0200,0.020000,-0.020000
1767724362367751,274.28,16.4600,0.2600,0.2700,0.0100,177.17,10.1800,0.7300,0.7400,0.0100,0.010000,-0.010000
1767724362557821,274.28,16.4600,0.2500,0.2700,0.0200,177.17,10.1800,0.7300,0.7500,0.0200,0.020000,-0.020000
1767724365979460,274.55,16.4800,0.2500,0.3000,0.0500,177.17,10.1800,0.7000,0.7500,0.0500,0.050000,-0.050000
1767724365979460,274.55,16.4800,0.2700,0.3000,0.0300,177.17,10.1800,0.7000,0.7300,0.0300,0.030000,-0.030000
1767724366031197,274.55,16.4800,0.2800,0.3000,0.0200,177.17,10.1800,0.7000,0.7200,0.0200,0.020000,-0.020000
1767724366384449,274.55,16.4800,0.2800,0.2900,0.0100,177.17,10.1800,0.7100,0.7200,0.0100,0.010000,-0.010000
1767724366432042,274.55,16.4800,0.2800,0.3000,0.0200,177.17,10.1800,0.7000,0.7200,0.0200,0.020000,-0.020000
1767724367806950,274.55,16.4800,0.2800,0.2900,0.0100,177.17,10.1800,0.7100,0.7200,0.0100,0.010000,-0.010000
1767724367916167,274.55,16.4800,0.2800,0.3000,0.0200,177.17,10.1800,0.7000,0.7200,0.0200,0.020000,-0.020000
1767724368865791,274.55,16.4800,0.2900,0.3000,0.0100,177.17,10.1800,0.7000,0.7100,0.0100,0.010000,-0.010000
1767724368897245,274.55,16.4800,0.2800,0.3000,0.0200,177.17,10.1800,0.7000,0.7200,0.0200,0.020000,-0.020000
1767724369258363,274.85,16.5000,0.2900,0.3000,0.0100,177.87,10.1800,0.7000,0.7100,0.0100,0.010000,-0.010000
1767724369347408,274.85,16.5000,0.2900,0.3200,0.0300,177.87,10.1800,0.6800,0.7100,0.0300,0.030000,-0.030000
1767724369347408,274.85,16.5000,0.3000,0.3200,0.0200,177.87,10.1800,0.6800,0.7000,0.0200,0.020000,-0.020000
1767724369402668,274.85,16.5000,0.3100,0.3200,0.0100,177.87,10.1800,0.6800,0.6900,0.0100,0.010000,-0.010000
1767724369430619,274.85,16.5000,0.3100,0.3400,0.0300,177.87,10.1800,0.6600,0.6900,0.0300,0.030000,-0.030000
1767724369523689,274.85,16.5000,0.3100,0.3300,0.0200,177.87,10.1800,0.6700,0.6900,0.0200,0.020000,-0.020000
1767724369572008,274.85,16.5000,0.3100,0.3400,0.0300,177.87,10.1800,0.6600,0.6900,0.0300,0.030000,-0.030000
1767724369843173,274.85,16.5000,0.3000,0.3400,0.0400,177.87,10.1800,0.6600,0.7000,0.0400,0.040000,-0.040000
1767724369843173,274.85,16.5000,0.3200,0.3400,0.0200,177.87,10.1800,0.6600,0.6800,0.0200,0.020000,-0.020000
1767724370087459,274.85,16.5000,0.3000,0.3400,0.0400,177.87,10.1800,0.6600,0.7000,0.0400,0.040000,-0.040000
1767724370087459,274.85,16.5000,0.3300,0.3400,0.0100,177.87,10.1800,0.6600,0.6700,0.0100,0.010000,-0.010000
1767724375650165,286.75,16.8500,0.3300,0.3500,0.0200,177.87,10.1800,0.6500,0.6700,0.0200,0.020000,-0.020000
1767724375768119,286.75,16.8500,0.3400,0.3500,0.0100,177.87,10.1800,0.6500,0.6600,0.0100,0.010000,-0.010000
1767724379923286,305.37,17.7900,0.3400,0.3600,0.0200,177.87,10.1800,0.6400,0.6600,0.0200,0.020000,-0.020000
1767724380846360,305.37,17.7900,0.3500,0.3600,0.0100,177.87,10.1800,0.6400,0.6500,0.0100,0.010000,-0.010000
1767724381082739,305.37,17.7900,0.3500,0.4000,0.0500,177.87,10.1800,0.6000,0.6500,0.0500,0.050000,-0.050000
1767724381099745,305.37,17.7900,0.3500,0.4100,0.0600,177.87,10.1800,0.5900,0.6500,0.0600,0.060000,-0.060000
1767724381102442,305.37,17.7900,0.3500,0.3900,0.0400,177.87,10.1800,0.6100,0.6500,0.0400,0.040000,-0.040000
1767724381349601,305.37,17.7900,0.3600,0.3900,0.0300,177.87,10.1800,0.6100,0.6400,0.0300,0.030000,-0.030000
1767724381408209,305.37,17.7900,0.3500,0.3900,0.0400,177.87,10.1800,0.6100,0.6500,0.0400,0.040000,-0.040000
1767724381408209,305.37,17.7900,0.3700,0.3900,0.0200,177.87,10.1800,0.6100,0.6300,0.0200,0.020000,-0.020000
1767724382544318,305.37,17.7900,0.3700,0.3800,0.0100,199.29,10.8600,0.6200,0.6300,0.0100,0.010000,-0.010000
1767724382617893,305.37,17.7900,0.3700,0.3900,0.0200,199.29,10.8600,0.6100,0.6300,0.0200,0.020000,-0.020000
1767724382718321,305.37,17.7900,0.3200,0.3900,0.0700,199.29,10.8600,0.6100,0.6800,0.0700,0.070000,-0.070000
1767724383092139,305.37,17.7900,0.3300,0.3900,0.0600,199.29,10.8600,0.6100,0.6700,0.0600,0.060000,-0.060000
1767724383203831,305.37,17.7900,0.3200,0.3900,0.0700,199.29,10.8600,0.6100,0.6800,0.0700,0.070000,-0.070000
1767724383203831,305.37,17.7900,0.3400,0.3900,0.0500,199.29,10.8600,0.6100,0.6600,0.0500,0.050000,-0.050000
1767724383249361,305.37,17.7900,0.3400,0.3700,0.0300,199.29,10.8600,0.6300,0.6600,0.0300,0.030000,-0.030000
1767724383331735,305.37,17.7900,0.3200,0.3700,0.0500,199.29,10.8600,0.6300,0.6800,0.0500,0.050000,-0.050000
1767724383331735,305.37,17.7900,0.3300,0.3700,0.0400,199.29,10.8600,0.6300,0.6700,0.0400,0.040000,-0.040000
1767724383354463,305.37,17.7900,0.3300,0.3600,0.0300,199.29,10.8600,0.6400,0.6700,0.0300,0.030000,-0.030000
1767724383499017,305.37,17.7900,0.3300,0.3500,0.0200,199.29,10.8600,0.6500,0.6700,0.0200,0.020000,-0.020000
1767724385605936,305.37,17.7900,0.3400,0.3500,0.0100,199.29,10.8600,0.6500,0.6600,0.0100,0.010000,-0.010000
1767724385849249,305.37,17.7900,0.3300,0.3500,0.0200,199.29,10.8600,0.6500,0.6700,0.0200,0.020000,-0.020000
1767724388416574,324.27,18.8700,0.3100,0.3500,0.0400,199.29,10.8600,0.6500,0.6900,0.0400,0.040000,-0.040000
1767724388416574,324.27,18.8700,0.3400,0.3500,0.0100,199.29,10.8600,0.6500,0.6600,0.0100,0.010000,-0.010000
1767724389055226,324.27,18.8700,0.3400,0.3600,0.0200,199.29,10.8600,0.6400,0.6600,0.0200,0.020000,-0.020000
1767724389265556,324.27,18.8700,0.3400,0.3900,0.0500,199.29,10.8600,0.6100,0.6600,0.0500,0.050000,-0.050000
1767724389308417,324.27,18.8700,0.3400,0.3800,0.0400,199.29,10.8600,0.6200,0.6600,0.0400,0.040000,-0.040000
1767724391211995,324.27,18.8700,0.3400,0.3700,0.0300,199.29,10.8600,0.6300,0.6600,0.0300,0.030000,-0.030000
1767724391281902,324.27,18.8700,0.3500,0.3700,0.0200,199.29,10.8600,0.6300,0.6500,0.0200,0.020000,-0.020000
1767724391340477,324.27,18.8700,0.3600,0.3700,0.0100,199.29,10.8600,0.6300,0.6400,0.0100,0.010000,-0.010000
1767724391843891,324.27,18.8700,0.3600,0.3800,0.0200,199.29,10.8600,0.6200,0.6400,0.0200,0.020000,-0.020000
1767724391899794,324.27,18.8700,0.3500,0.3800,0.0300,199.29,10.8600,0.6200,0.6500,0.0300,0.030000,-0.030000
1767724391899794,324.27,18.8700,0.3700,0.3800,0.0100,199.29,10.8600,0.6200,0.6300,0.0100,0.010000,-0.010000
1767724392267231,324.27,18.8700,0.3700,0.3900,0.0200,199.29,10.8600,0.6100,0.6300,0.0200,0.020000,-0.020000
1767724392324494,324.27,18.8700,0.3500,0.3900,0.0400,199.29,10.8600,0.6100,0.6500,0.0400,0.040000,-0.040000
1767724392324494,324.27,18.8700,0.3800,0.3900,0.0100,199.29,10.8600,0.6100,0.6200,0.0100,0.010000,-0.010000
1767724398911504,325.05,18.8900,0.3500,0.3900,0.0400,199.29,10.8600,0.6100,0.6500,0.0400,0.040000,-0.040000
1767724398911504,325.05,18.8900,0.3700,0.3900,0.0200,199.29,10.8600,0.6100,0.6300,0.0200,0.020000,-0.020000
1767724400622771,325.05,18.8900,0.3500,0.3900,0.0400,199.29,10.8600,0.6100,0.6500,0.0400,0.040000,-0.040000
1767724400622771,325.05,18.8900,0.3800,0.3900,0.0100,199.29,10.8600,0.6100,0.6200,0.0100,0.010000,-0.010000
1767724404099488,334.41,19.1300,0.3400,0.3900,0.0500,238.35,11.4900,0.6100,0.6600,0.0500,0.050000,-0.050000
1767724404375624,334.41,19.1300,0.3400,0.3800,0.0400,238.35,11.4900,0.6200,0.6600,0.0400,0.040000,-0.040000
1767724404472891,334.41,19.1300,0.3300,0.3800,0.0500,238.35,11.4900,0.6200,0.6700,0.0500,0.050000,-0.050000
1767724404508179,334.41,19.1300,0.3300,0.3700,0.0400,238.35,11.4900,0.6300,0.6700,0.0400,0.040000,-0.040000
1767724404626272,334.41,19.1300,0.3300,0.3600,0.0300,238.35,11.4900,0.6400,0.6700,0.0300,0.030000,-0.030000
1767724404775363,334.41,19.1300,0.3400,0.3600,0.0200,238.35,11.4900,0.6400,0.6600,0.0200,0.020000,-0.020000
1767724404824560,334.41,19.1300,0.3300,0.3600,0.0300,238.35,11.4900,0.6400,0.6700,0.0300,0.030000,-0.030000
1767724405148850,334.41,19.1300,0.3400,0.3600,0.0200,238.35,11.4900,0.6400,0.6600,0.0200,0.020000,-0.020000
1767724405427434,334.41,19.1300,0.3400,0.3500,0.0100,238.35,11.4900,0.6500,0.6600,0.0100,0.010000,-0.010000
1767724405533783,334.41,19.1300,0.3400,0.3600,0.0200,238.35,11.4900,0.6400,0.6600,0.0200,0.020000,-0.020000
1767724406662057,334.41,19.1300,0.3400,0.3500,0.0100,238.35,11.4900,0.6500,0.6600,0.0100,0.010000,-0.010000
1767724410642900,341.97,19.5500,0.3400,0.3600,0.0200,238.35,11.4900,0.6400,0.6600,0.0200,0.020000,-0.020000
1767724411467474,341.97,19.5500,0.3400,0.3700,0.0300,239.00,11.5000,0.6300,0.6600,0.0300,0.030000,-0.030000
1767724411485943,341.97,19.5500,0.3500,0.3700,0.0200,239.00,11.5000,0.6300,0.6500,0.0200,0.020000,-0.020000
1767724411542872,341.97,19.5500,0.3600,0.3700,0.0100,239.00,11.5000,0.6300,0.6400,0.0100,0.010000,-0.010000
1767724411761401,341.97,19.5500,0.3600,0.4100,0.0500,239.00,11.5000,0.5900,0.6400,0.0500,0.050000,-0.050000
1767724411812163,341.97,19.5500,0.3600,0.4000,0.0400,239.00,11.5000,0.6000,0.6400,0.0400,0.040000,-0.040000
1767724411958035,341.97,19.5500,0.3700,0.4000,0.0300,239.00,11.5000,0.6000,0.6300,0.0300,0.030000,-0.030000
1767724412015666,341.97,19.5500,0.3600,0.4000,0.0400,239.00,11.5000,0.6000,0.6400,0.0400,0.040000,-0.040000
1767724412015666,341.97,19.5500,0.3800,0.4000,0.0200,239.00,11.5000,0.6000,0.6200,0.0200,0.020000,-0.020000
1767724412616874,341.97,19.5500,0.3800,0.3900,0.0100,239.00,11.5000,0.6100,0.6200,0.0100,0.010000,-0.010000
1767724418754714,341.97,19.5500,0.3800,0.4000,0.0200,239.00,11.5000,0.6000,0.6200,0.0200,0.020000,-0.020000
1767724418813813,341.97,19.5500,0.3900,0.4000,0.0100,239.00,11.5000,0.6000,0.6100,0.0100,0.010000,-0.010000
1767724429196844,345.97,19.6500,0.3900,0.4100,0.0200,240.22,11.5200,0.5900,0.6100,0.0200,0.020000,-0.020000
1767724429196844,345.97,19.6500,0.4000,0.4100,0.0100,240.22,11.5200,0.5900,0.6000,0.0100,0.010000,-0.010000
1767724429446650,345.97,19.6500,0.4000,0.4300,0.0300,240.22,11.5200,0.5700,0.6000,0.0300,0.030000,-0.030000
1767724429505875,345.97,19.6500,0.4100,0.4300,0.0200,240.22,11.5200,0.5700,0.5900,0.0200,0.020000,-0.020000
1767724429560810,345.97,19.6500,0.4000,0.4300,0.0300,240.22,11.5200,0.5700,0.6000,0.0300,0.030000,-0.030000
1767724429560810,345.97,19.6500,0.4200,0.4300,0.0100,240.22,11.5200,0.5700,0.5800,0.0100,0.010000,-0.010000
1767724430360524,345.97,19.6500,0.4200,0.4400,0.0200,240.22,11.5200,0.5600,0.5800,0.0200,0.020000,-0.020000
1767724430432461,345.97,19.6500,0.4300,0.4400,0.0100,240.22,11.5200,0.5600,0.5700,0.0100,0.010000,-0.010000
1767724433531510,345.97,19.6500,0.4300,0.4600,0.0300,240.22,11.5200,0.5400,0.5700,0.0300,0.030000,-0.030000
1767724433633620,345.97,19.6500,0.4400,0.4600,0.0200,240.22,11.5200,0.5400,0.5600,0.0200,0.020000,-0.020000
1767724433920166,345.97,19.6500,0.4400,0.4500,0.0100,240.22,11.5200,0.5500,0.5600,0.0100,0.010000,-0.010000
1767724433983475,345.97,19.6500,0.4400,0.4600,0.0200,240.22,11.5200,0.5400,0.5600,0.0200,0.020000,-0.020000
1767724434210170,345.97,19.6500,0.4500,0.4600,0.0100,240.22,11.5200,0.5400,0.5500,0.0100,0.010000,-0.010000
1767724434534960,345.97,19.6500,0.4500,0.4700,0.0200,240.22,11.5200,0.5300,0.5500,0.0200,0.020000,-0.020000
1767724434601572,345.97,19.6500,0.4500,0.4800,0.0300,240.22,11.5200,0.5200,0.5500,0.0300,0.030000,-0.030000
1767724434601629,345.97,19.6500,0.4600,0.4800,0.0200,240.22,11.5200,0.5200,0.5400,0.0200,0.020000,-0.020000
1767724435088026,345.97,19.6500,0.4600,0.4700,0.0100,241.34,11.6000,0.5300,0.5400,0.0100,0.010000,-0.010000
1767724435139259,345.97,19.6500,0.4600,0.4800,0.0200,241.34,11.6000,0.5200,0.5400,0.0200,0.020000,-0.020000
1767724435210797,345.97,19.6500,0.4600,0.4700,0.0100,241.34,11.6000,0.5300,0.5400,0.0100,0.010000,-0.010000
1767724435251334,345.97,19.6500,0.4400,0.4700,0.0300,241.34,11.6000,0.5300,0.5600,0.0300,0.030000,-0.030000
1767724435251334,345.97,19.6500,0.4500,0.4700,0.0200,241.34,11.6000,0.5300,0.5500,0.0200,0.020000,-0.020000
1767724435260236,345.97,19.6500,0.4500,0.4800,0.0300,241.34,11.6000,0.5200,0.5500,0.0300,0.030000,-0.030000
1767724435351018,345.97,19.6500,0.4500,0.4600,0.0100,241.34,11.6000,0.5400,0.5500,0.0100,0.010000,-0.010000
1767724435369868,345.97,19.6500,0.4400,0.4600,0.0200,241.34,11.6000,0.5400,0.5600,0.0200,0.020000,-0.020000
1767724435531983,345.97,19.6500,0.4400,0.4500,0.0100,241.34,11.6000,0.5500,0.5600,0.0100,0.010000,-0.010000
1767724435727679,345.97,19.6500,0.4200,0.4500,0.0300,241.34,11.6000,0.5500,0.5800,0.0300,0.030000,-0.030000
1767724435727679,345.97,19.6500,0.4200,0.4400,0.0200,241.34,11.6000,0.5600,0.5800,0.0200,0.020000,-0.020000
1767724435901939,345.97,19.6500,0.4200,0.4300,0.0100,241.34,11.6000,0.5700,0.5800,0.0100,0.010000,-0.010000
1767724438248196,345.97,19.6500,0.3900,0.4300,0.0400,261.64,11.9500,0.5700,0.6100,0.0400,0.040000,-0.040000
1767724438248196,345.97,19.6500,0.3900,0.4200,0.0300,261.64,11.9500,0.5800,0.6100,0.0300,0.030000,-0.030000
1767724438423692,345.97,19.6500,0.3900,0.4100,0.0200,261.64,11.9500,0.5900,0.6100,0.0200,0.020000,-0.020000
1767724439028869,345.97,19.6500,0.3900,0.4000,0.0100,262.86,11.9900,0.6000,0.6100,0.0100,0.010000,-0.010000
1767724439128355,345.97,19.6500,0.3900,0.4100,0.0200,262.86,11.9900,0.5900,0.6100,0.0200,0.020000,-0.020000
1767724439129936,345.97,19.6500,0.3800,0.4100,0.0300,262.86,11.9900,0.5900,0.6200,0.0300,0.030000,-0.030000
1767724439129936,345.97,19.6500,0.3800,0.3900,0.0100,262.86,11.9900,0.6100,0.6200,0.0100,0.010000,-0.010000
1767724439182665,345.97,19.6500,0.3800,0.4000,0.0200,262.86,11.9900,0.6000,0.6200,0.0200,0.020000,-0.020000
1767724439305302,345.97,19.6500,0.3800,0.4100,0.0300,262.86,11.9900,0.5900,0.6200,0.0300,0.030000,-0.030000
1767724439334327,345.97,19.6500,0.3800,0.3900,0.0100,262.86,11.9900,0.6100,0.6200,0.0100,0.010000,-0.010000
1767724439440881,345.97,19.6500,0.3800,0.4000,0.0200,262.86,11.9900,0.6000,0.6200,0.0200,0.020000,-0.020000
1767724439450796,345.97,19.6500,0.3800,0.4100,0.0300,262.86,11.9900,0.5900,0.6200,0.0300,0.030000,-0.030000
1767724439451123,345.97,19.6500,0.3800,0.3900,0.0100,262.86,11.9900,0.6100,0.6200,0.0100,0.010000,-0.010000
1767724439506810,345.97,19.6500,0.3800,0.4100,0.0300,262.86,11.9900,0.5900,0.6200,0.0300,0.030000,-0.030000
1767724439679500,345.97,19.6500,0.3900,0.4100,0.0200,262.86,11.9900,0.5900,0.6100,0.0200,0.020000,-0.020000
1767724439900039,345.97,19.6500,0.3900,0.4000,0.0100,262.86,11.9900,0.6000,0.6100,0.0100,0.010000,-0.010000
1767724440447310,359.17,19.9800,0.3500,0.4000,0.0500,265.30,12.0300,0.6000,0.6500,0.0500,0.050000,-0.050000
1767724440470534,359.17,19.9800,0.3700,0.4000,0.0300,265.30,12.0300,0.6000,0.6300,0.0300,0.030000,-0.030000
1767724440520011,359.17,19.9800,0.3500,0.4000,0.0500,265.30,12.0300,0.6000,0.6500,0.0500,0.050000,-0.050000
1767724440530208,359.17,19.9800,0.3500,0.4100,0.0600,265.30,12.0300,0.5900,0.6500,0.0600,0.060000,-0.060000
1767724440560421,359.17,19.9800,0.3600,0.4100,0.0500,265.30,12.0300,0.5900,0.6400,0.0500,0.050000,-0.050000
1767724440646270,359.17,19.9800,0.3600,0.4900,0.1300,265.30,12.0300,0.5100,0.6400,0.1300,0.130000,-0.130000
1767724440691401,359.17,19.9800,0.3600,0.4800,0.1200,265.30,12.0300,0.5200,0.6400,0.1200,0.120000,-0.120000
1767724440712057,359.17,19.9800,0.3700,0.4800,0.1100,265.30,12.0300,0.5200,0.6300,0.1100,0.110000,-0.110000
1767724440772531,359.17,19.9800,0.4100,0.4800,0.0700,265.30,12.0300,0.5200,0.5900,0.0700,0.070000,-0.070000
1767724440773296,359.17,19.9800,0.4100,0.4500,0.0400,265.30,12.0300,0.5500,0.5900,0.0400,0.040000,-0.040000
1767724440899200,359.17,19.9800,0.4200,0.4500,0.0300,265.30,12.0300,0.5500,0.5800,0.0300,0.030000,-0.030000
1767724441183631,359.17,19.9800,0.4100,0.4500,0.0400,265.30,12.0300,0.5500,0.5900,0.0400,0.040000,-0.040000
1767724441183631,359.17,19.9800,0.4300,0.4500,0.0200,265.30,12.0300,0.5500,0.5700,0.0200,0.020000,-0.020000
1767724442439097,359.17,19.9800,0.4100,0.4500,0.0400,265.30,12.0300,0.5500,0.5900,0.0400,0.040000,-0.040000
1767724442439097,359.17,19.9800,0.4200,0.4500,0.0300,265.30,12.0300,0.5500,0.5800,0.0300,0.030000,-0.030000
1767724442977528,359.17,19.9800,0.4200,0.4400,0.0200,265.30,12.0300,0.5600,0.5800,0.0200,0.020000,-0.020000
1767724443085439,359.17,19.9800,0.4200,0.4300,0.0100,265.30,12.0300,0.5700,0.5800,0.0100,0.010000,-0.010000
1767724445498810,359.17,19.9800,0.4200,0.4400,0.0200,265.30,12.0300,0.5600,0.5800,0.0200,0.020000,-0.020000
1767724447141767,359.17,19.9800,0.3900,0.4400,0.0500,265.30,12.0300,0.5600,0.6100,0.0500,0.050000,-0.050000
1767724447141767,359.17,19.9800,0.4100,0.4400,0.0300,265.30,12.0300,0.5600,0.5900,0.0300,0.030000,-0.030000
1767724447151932,359.17,19.9800,0.4100,0.4300,0.0200,265.30,12.0300,0.5700,0.5900,0.0200,0.020000,-0.020000
1767724447529707,359.17,19.9800,0.4100,0.4200,0.0100,265.30,12.0300,0.5800,0.5900,0.0100,0.010000,-0.010000
1767724460540234,361.27,20.0300,0.4000,0.4200,0.0200,289.18,12.7100,0.5800,0.6000,0.0200,0.020000,-0.020000
1767724460800767,361.27,20.0300,0.3900,0.4200,0.0300,289.18,12.7100,0.5800,0.6100,0.0300,0.030000,-0.030000
1767724461215411,361.27,20.0300,0.4000,0.4200,0.0200,289.18,12.7100,0.5800,0.6000,0.0200,0.020000,-0.020000
1767724463865498,361.27,20.0300,0.4000,0.4100,0.0100,289.18,12.7100,0.5900,0.6000,0.0100,0.010000,-0.010000
1767724464996980,364.96,20.1200,0.4000,0.4500,0.0500,289.18,12.7100,0.5500,0.6000,0.0500,0.050000,-0.050000
1767724464996980,364.96,20.1200,0.4100,0.4500,0.0400,289.18,12.7100,0.5500,0.5900,0.0400,0.040000,-0.040000
1767724465037160,364.96,20.1200,0.4100,0.4400,0.0300,289.18,12.7100,0.5600,0.5900,0.0300,0.030000,-0.030000
1767724465063008,364.96,20.1200,0.4200,0.4400,0.0200,289.18,12.7100,0.5600,0.5800,0.0200,0.020000,-0.020000
1767724465128036,364.96,20.1200,0.4000,0.4400,0.0400,289.18,12.7100,0.5600,0.6000,0.0400,0.040000,-0.040000
1767724465128036,364.96,20.1200,0.4300,0.4400,0.0100,289.18,12.7100,0.5600,0.5700,0.0100,0.010000,-0.010000
1767724465856020,364.96,20.1200,0.4300,0.4500,0.0200,289.18,12.7100,0.5500,0.5700,0.0200,0.020000,-0.020000
1767724465917455,364.96,20.1200,0.4400,0.4500,0.0100,289.18,12.7100,0.5500,0.5600,0.0100,0.010000,-0.010000
1767724466354661,364.96,20.1200,0.4100,0.4500,0.0400,289.18,12.7100,0.5500,0.5900,0.0400,0.040000,-0.040000
1767724466354661,364.96,20.1200,0.4200,0.4500,0.0300,289.18,12.7100,0.5500,0.5800,0.0300,0.030000,-0.030000
1767724466387160,364.96,20.1200,0.4200,0.4400,0.0200,289.18,12.7100,0.5600,0.5800,0.0200,0.020000,-0.020000
1767724466439864,364.96,20.1200,0.4100,0.4400,0.0300,289.18,12.7100,0.5600,0.5900,0.0300,0.030000,-0.030000
1767724466510296,364.96,20.1200,0.4100,0.4300,0.0200,289.18,12.7100,0.5700,0.5900,0.0200,0.020000,-0.020000
1767724467206398,364.96,20.1200,0.4100,0.4200,0.0100,289.18,12.7100,0.5800,0.5900,0.0100,0.010000,-0.010000
1767724467271093,364.96,20.1200,0.4100,0.4300,0.0200,289.18,12.7100,0.5700,0.5900,0.0200,0.020000,-0.020000
1767724467698065,364.96,20.1200,0.4200,0.4300,0.0100,289.18,12.7100,0.5700,0.5800,0.0100,0.010000,-0.010000
1767724468077437,364.96,20.1200,0.4100,0.4300,0.0200,291.50,12.7500,0.5700,0.5900,0.0200,0.020000,-0.020000
1767724468077437,364.96,20.1200,0.4100,0.4200,0.0100,291.50,12.7500,0.5800,0.5900,0.0100,0.010000,-0.010000
1767724468249508,364.96,20.1200,0.4100,0.4300,0.0200,291.50,12.7500,0.5700,0.5900,0.0200,0.020000,-0.020000
1767724468334170,364.96,20.1200,0.4100,0.4200,0.0100,291.50,12.7500,0.5800,0.5900,0.0100,0.010000,-0.010000
1767724468961870,364.96,20.1200,0.3900,0.4200,0.0300,291.50,12.7500,0.5800,0.6100,0.0300,0.030000,-0.030000
1767724468961870,364.96,20.1200,0.4000,0.4200,0.0200,291.50,12.7500,0.5800,0.6000,0.0200,0.020000,-0.020000
1767724469046824,378.61,20.4700,0.4000,0.4100,0.0100,291.50,12.7500,0.5900,0.6000,0.0100,0.010000,-0.010000
1767724469117286,378.61,20.4700,0.3800,0.4100,0.0300,291.50,12.7500,0.5900,0.6200,0.0300,0.030000,-0.030000
1767724469174443,378.61,20.4700,0.3800,0.4000,0.0200,291.50,12.7500,0.6000,0.6200,0.0200,0.020000,-0.020000
1767724469221081,378.61,20.4700,0.3800,0.3900,0.0100,291.50,12.7500,0.6100,0.6200,0.0100,0.010000,-0.010000
1767724469290343,378.61,20.4700,0.3700,0.3900,0.0200,291.50,12.7500,0.6100,0.6300,0.0200,0.020000,-0.020000
1767724469674855,378.61,20.4700,0.3700,0.3800,0.0100,291.50,12.7500,0.6200,0.6300,0.0100,0.010000,-0.010000
1767724469701322,378.61,20.4700,0.3600,0.3800,0.0200,291.50,12.7500,0.6200,0.6400,0.0200,0.020000,-0.020000
1767724469850735,378.61,20.4700,0.3600,0.3700,0.0100,291.50,12.7500,0.6300,0.6400,0.0100,0.010000,-0.010000
1767724470121914,378.61,20.4700,0.3500,0.3700,0.0200,310.70,13.0500,0.6300,0.6500,0.0200,0.020000,-0.020000
1767724470121914,378.61,20.4700,0.3500,0.3600,0.0100,310.70,13.0500,0.6400,0.6500,0.0100,0.010000,-0.010000
1767724471272084,390.86,20.4700,0.3300,0.3600,0.0300,323.70,13.2500,0.6400,0.6700,0.0300,0.030000,-0.030000
1767724471272084,390.86,20.4700,0.3300,0.3500,0.0200,323.70,13.2500,0.6500,0.6700,0.0200,0.020000,-0.020000
1767724474590842,390.86,20.4700,0.3200,0.3500,0.0300,323.70,13.2500,0.6500,0.6800,0.0300,0.030000,-0.030000
1767724474590842,390.86,20.4700,0.3400,0.3500,0.0100,323.70,13.2500,0.6500,0.6600,0.0100,0.010000,-0.010000
1767724485400145,392.26,20.5100,0.3300,0.3500,0.0200,328.32,13.3200,0.6500,0.6700,0.0200,0.020000,-0.020000
1767724486226634,392.26,20.5100,0.3400,0.3500,0.0100,328.32,13.3200,0.6500,0.6600,0.0100,0.010000,-0.010000
1767724486852258,392.26,20.5100,0.3300,0.3500,0.0200,328.32,13.3200,0.6500,0.6700,0.0200,0.020000,-0.020000
1767724491000000,392.26,20.5100,0.3300,0.3400,0.0100,331.04,13.4000,0.6600,0.6700,0.0100,0.010000,-0.010000
1767724491147334,392.26,20.5100,0.3200,0.3400,0.0200,331.04,13.4000,0.6600,0.6800,0.0200,0.020000,-0.020000
1767724491349031,392.26,20.5100,0.3200,0.3300,0.0100,331.04,13.4000,0.6700,0.6800,0.0100,0.010000,-0.010000
1767724491861725,392.26,20.5100,0.3000,0.3300,0.0300,331.04,13.4000,0.6700,0.7000,0.0300,0.030000,-0.030000
1767724491861725,392.26,20.5100,0.3000,0.3200,0.0200,331.04,13.4000,0.6800,0.7000,0.0200,0.020000,-0.020000
1767724492030693,392.26,20.5100,0.3000,0.3100,0.0100,340.88,13.7200,0.6900,0.7000,0.0100,0.010000,-0.010000
1767724492130994,392.26,20.5100,0.2900,0.3100,0.0200,340.88,13.7200,0.6900,0.7100,0.0200,0.020000,-0.020000
1767724492130994,392.26,20.5100,0.2900,0.3000,0.0100,340.88,13.7200,0.7000,0.7100,0.0100,0.010000,-0.010000
1767724492249659,392.26,20.5100,0.2900,0.3200,0.0300,340.88,13.7200,0.6800,0.7100,0.0300,0.030000,-0.030000
1767724492292396,392.26,20.5100,0.2900,0.3100,0.0200,340.88,13.7200,0.6900,0.7100,0.0200,0.020000,-0.020000
1767724492428786,392.26,20.5100,0.2900,0.3200,0.0300,340.88,13.7200,0.6800,0.7100,0.0300,0.030000,-0.030000
1767724492846500,392.26,20.5100,0.2900,0.3100,0.0200,340.88,13.7200,0.6900,0.7100,0.0200,0.020000,-0.020000
1767724492896731,392.26,20.5100,0.2900,0.3200,0.0300,340.88,13.7200,0.6800,0.7100,0.0300,0.030000,-0.030000
1767724495389210,392.26,20.5100,0.3000,0.3200,0.0200,364.33,14.0700,0.6800,0.7000,0.0200,0.020000,-0.020000
1767724495400107,392.26,20.5100,0.2900,0.3200,0.0300,364.33,14.0700,0.6800,0.7100,0.0300,0.030000,-0.030000
1767724495422749,392.26,20.5100,0.3100,0.3200,0.0100,364.33,14.0700,0.6800,0.6900,0.0100,0.010000,-0.010000
1767724495515693,392.26,20.5100,0.3100,0.3300,0.0200,364.33,14.0700,0.6700,0.6900,0.0200,0.020000,-0.020000
1767724495522116,392.26,20.5100,0.3200,0.3300,0.0100,364.33,14.0700,0.6700,0.6800,0.0100,0.010000,-0.010000
1767724495575962,392.26,20.5100,0.3200,0.3400,0.0200,364.33,14.0700,0.6600,0.6800,0.0200,0.020000,-0.020000
1767724495633781,392.26,20.5100,0.3300,0.3400,0.0100,364.33,14.0700,0.6600,0.6700,0.0100,0.010000,-0.010000
1767724495883659,392.26,20.5100,0.3200,0.3400,0.0200,364.33,14.0700,0.6600,0.6800,0.0200,0.020000,-0.020000
1767724495885126,392.26,20.5100,0.3200,0.3500,0.0300,364.33,14.0700,0.6500,0.6800,0.0300,0.030000,-0.030000
1767724496290884,392.26,20.5100,0.3300,0.3500,0.0200,364.33,14.0700,0.6500,0.6700,0.0200,0.020000,-0.020000
1767724496792513,392.26,20.5100,0.3400,0.3500,0.0100,364.33,14.0700,0.6500,0.6600,0.0100,0.010000,-0.010000
1767724498889099,399.96,20.7300,0.3400,0.3600,0.0200,364.33,14.0700,0.6400,0.6600,0.0200,0.020000,-0.020000
1767724499054145,399.96,20.7300,0.3400,0.3500,0.0100,364.33,14.0700,0.6500,0.6600,0.0100,0.010000,-0.010000
1767724499229110,399.96,20.7300,0.3400,0.3600,0.0200,364.33,14.0700,0.6400,0.6600,0.0200,0.020000,-0.020000
1767724499232052,399.96,20.7300,0.3400,0.3500,0.0100,364.33,14.0700,0.6500,0.6600,0.0100,0.010000,-0.010000
1767724499336288,399.96,20.7300,0.3400,0.3600,0.0200,364.33,14.0700,0.6400,0.6600,0.0200,0.020000,-0.020000
1767724499938783,399.96,20.7300,0.3400,0.3500,0.0100,364.33,14.0700,0.6500,0.6600,0.0100,0.010000,-0.010000
1767724500004627,399.96,20.7300,0.3400,0.3600,0.0200,364.33,14.0700,0.6400,0.6600,0.0200,0.020000,-0.020000
1767724500218853,399.96,20.7300,0.3400,0.3500,0.0100,364.33,14.0700,0.6500,0.6600,0.0100,0.010000,-0.010000
1767724502190998,399.96,20.7300,0.3400,0.3600,0.0200,364.33,14.0700,0.6400,0.6600,0.0200,0.020000,-0.020000
1767724502347405,399.96,20.7300,0.3400,0.3700,0.0300,364.33,14.0700,0.6300,0.6600,0.0300,0.030000,-0.030000
1767724502640750,399.96,20.7300,0.3400,0.3800,0.0400,364.33,14.0700,0.6200,0.6600,0.0400,0.040000,-0.040000
1767724502657479,399.96,20.7300,0.3600,0.3800,0.0200,364.33,14.0700,0.6200,0.6400,0.0200,0.020000,-0.020000
1767724502708610,399.96,20.7300,0.3700,0.3800,0.0100,364.33,14.0700,0.6200,0.6300,0.0100,0.010000,-0.010000
1767724507553789,399.96,20.7300,0.3300,0.3800,0.0500,364.33,14.0700,0.6200,0.6700,0.0500,0.050000,-0.050000
1767724507553789,399.96,20.7300,0.3500,0.3800,0.0300,364.33,14.0700,0.6200,0.6500,0.0300,0.030000,-0.030000
1767724507644973,399.96,20.7300,0.3500,0.3700,0.0200,364.33,14.0700,0.6300,0.6500,0.0200,0.020000,-0.020000
1767724507752557,399.96,20.7300,0.3500,0.3600,0.0100,364.33,14.0700,0.6400,0.6500,0.0100,0.010000,-0.010000
1767724513627066,400.68,20.7500,0.3500,0.3700,0.0200,364.33,14.0700,0.6300,0.6500,0.0200,0.020000,-0.020000
1767724514391875,400.68,20.7500,0.3600,0.3700,0.0100,364.33,14.0700,0.6300,0.6400,0.0100,0.010000,-0.010000
1767724514493418,400.68,20.7500,0.3600,0.3800,0.0200,364.33,14.0700,0.6200,0.6400,0.0200,0.020000,-0.020000
1767724514609685,400.68,20.7500,0.3700,0.3800,0.0100,364.33,14.0700,0.6200,0.6300,0.0100,0.010000,-0.010000
1767724515356609,400.68,20.7500,0.3700,0.3900,0.0200,365.55,14.0900,0.6100,0.6300,0.0200,0.020000,-0.020000
1767724515509483,400.68,20.7500,0.3800,0.3900,0.0100,365.55,14.0900,0.6100,0.6200,0.0100,0.010000,-0.010000
1767724515528047,400.68,20.7500,0.3800,0.4000,0.0200,365.55,14.0900,0.6000,0.6200,0.0200,0.020000,-0.020000
1767724515586295,400.68,20.7500,0.3700,0.4000,0.0300,365.55,14.0900,0.6000,0.6300,0.0300,0.030000,-0.030000
1767724515586295,400.68,20.7500,0.3900,0.4000,0.0100,365.55,14.0900,0.6000,0.6100,0.0100,0.010000,-0.010000
1767724516004400,400.68,20.7500,0.3700,0.4000,0.0300,365.55,14.0900,0.6000,0.6300,0.0300,0.030000,-0.030000
1767724516269035,400.68,20.7500,0.3700,0.4100,0.0400,365.55,14.0900,0.5900,0.6300,0.0400,0.040000,-0.040000
1767724516430751,400.68,20.7500,0.3800,0.4100,0.0300,365.55,14.0900,0.5900,0.6200,0.0300,0.030000,-0.030000
1767724516461800,400.68,20.7500,0.3800,0.4000,0.0200,365.55,14.0900,0.6000,0.6200,0.0200,0.020000,-0.020000
1767724516729524,400.68,20.7500,0.3700,0.4000,0.0300,365.55,14.0900,0.6000,0.6300,0.0300,0.030000,-0.030000
1767724516729524,400.68,20.7500,0.3900,0.4000,0.0100,365.55,14.0900,0.6000,0.6100,0.0100,0.010000,-0.010000
1767724517672211,409.88,20.9800,0.3900,0.4100,0.0200,365.55,14.0900,0.5900,0.6100,0.0200,0.020000,-0.020000
1767724517976331,409.88,20.9800,0.3800,0.4100,0.0300,365.55,14.0900,0.5900,0.6200,0.0300,0.030000,-0.030000
1767724517976331,409.88,20.9800,0.4000,0.4100,0.0100,365.55,14.0900,0.5900,0.6000,0.0100,0.010000,-0.010000
1767724518010122,409.88,20.9800,0.4000,0.4200,0.0200,411.75,14.8600,0.5800,0.6000,0.0200,0.020000,-0.020000
1767724518174644,409.88,20.9800,0.3800,0.4200,0.0400,411.75,14.8600,0.5800,0.6200,0.0400,0.040000,-0.040000
1767724518603566,409.88,20.9800,0.3900,0.4200,0.0300,411.75,14.8600,0.5800,0.6100,0.0300,0.030000,-0.030000
1767724518667375,409.88,20.9800,0.3800,0.4200,0.0400,411.75,14.8600,0.5800,0.6200,0.0400,0.040000,-0.040000
1767724518667375,409.88,20.9800,0.4000,0.4200,0.0200,411.75,14.8600,0.5800,0.6000,0.0200,0.020000,-0.020000
1767724519399033,409.88,20.9800,0.4000,0.4300,0.0300,411.75,14.8600,0.5700,0.6000,0.0300,0.030000,-0.030000
1767724519422060,409.88,20.9800,0.4100,0.4300,0.0200,411.75,14.8600,0.5700,0.5900,0.0200,0.020000,-0.020000
1767724519480421,409.88,20.9800,0.4200,0.4300,0.0100,411.75,14.8600,0.5700,0.5800,0.0100,0.010000,-0.010000
1767724519586989,409.88,20.9800,0.4200,0.4400,0.0200,411.75,14.8600,0.5600,0.5800,0.0200,0.020000,-0.020000
1767724519702662,409.88,20.9800,0.4100,0.4400,0.0300,411.75,14.8600,0.5600,0.5900,0.0300,0.030000,-0.030000
1767724519702662,409.88,20.9800,0.4300,0.4400,0.0100,411.75,14.8600,0.5600,0.5700,0.0100,0.010000,-0.010000
1767724520458842,409.88,20.9800,0.4300,0.4500,0.0200,411.75,14.8600,0.5500,0.5700,0.0200,0.020000,-0.020000
1767724520514237,409.88,20.9800,0.4200,0.4500,0.0300,411.75,14.8600,0.5500,0.5800,0.0300,0.030000,-0.030000
1767724520514237,409.88,20.9800,0.4400,0.4500,0.0100,411.75,14.8600,0.5500,0.5600,0.0100,0.010000,-0.010000
1767724522565119,410.78,21.0000,0.4400,0.4600,0.0200,411.75,14.8600,0.5400,0.5600,0.0200,0.020000,-0.020000
1767724522622826,410.78,21.0000,0.4500,0.4600,0.0100,411.75,14.8600,0.5400,0.5500,0.0100,0.010000,-0.010000
1767724523154492,410.78,21.0000,0.4500,0.4700,0.0200,411.75,14.8600,0.5300,0.5500,0.0200,0.020000,-0.020000
1767724523219259,410.78,21.0000,0.4400,0.4700,0.0300,411.75,14.8600,0.5300,0.5600,0.0300,0.030000,-0.030000
1767724523219259,410.78,21.0000,0.4600,0.4700,0.0100,411.75,14.8600,0.5300,0.5400,0.0100,0.010000,-0.010000
1767724526587503,410.78,21.0000,0.4600,0.4800,0.0200,411.75,14.8600,0.5200,0.5400,0.0200,0.020000,-0.020000
1767724526724842,410.78,21.0000,0.4700,0.4800,0.0100,411.75,14.8600,0.5200,0.5300,0.0100,0.010000,-0.010000
1767724526746816,410.78,21.0000,0.4700,0.4900,0.0200,411.75,14.8600,0.5100,0.5300,0.0200,0.020000,-0.020000
1767724526838969,410.78,21.0000,0.4800,0.4900,0.0100,411.75,14.8600,0.5100,0.5200,0.0100,0.010000,-0.010000
1767724527532652,410.78,21.0000,0.4800,0.5000,0.0200,411.75,14.8600,0.5000,0.5200,0.0200,0.020000,-0.020000
1767724528106427,410.78,21.0000,0.4900,0.5000,0.0100,411.75,14.8600,0.5000,0.5100,0.0100,0.010000,-0.010000
1767724528882513,410.78,21.0000,0.4800,0.5000,0.0200,411.75,14.8600,0.5000,0.5200,0.0200,0.020000,-0.020000
1767724528950068,410.78,21.0000,0.4800,0.4900,0.0100,411.75,14.8600,0.5100,0.5200,0.0100,0.010000,-0.010000
1767724529164243,410.78,21.0000,0.4700,0.4900,0.0200,411.75,14.8600,0.5100,0.5300,0.0200,0.020000,-0.020000
1767724529358062,410.78,21.0000,0.4800,0.4900,0.0100,411.75,14.8600,0.5100,0.5200,0.0100,0.010000,-0.010000
1767724529552389,410.78,21.0000,0.4700,0.4900,0.0200,411.75,14.8600,0.5100,0.5300,0.0200,0.020000,-0.020000
1767724530396683,410.78,21.0000,0.4800,0.4900,0.0100,411.75,14.8600,0.5100,0.5200,0.0100,0.010000,-0.010000
1767724531192743,410.78,21.0000,0.4800,0.5000,0.0200,411.75,14.8600,0.5000,0.5200,0.0200,0.020000,-0.020000
1767724531245757,410.78,21.0000,0.4900,0.5000,0.0100,411.75,14.8600,0.5000,0.5100,0.0100,0.010000,-0.010000
1767724531307187,410.78,21.0000,0.4900,0.5100,0.0200,411.75,14.8600,0.4900,0.5100,0.0200,0.020000,-0.020000
1767724531362495,410.78,21.0000,0.5000,0.5100,0.0100,411.75,14.8600,0.4900,0.5000,0.0100,0.010000,-0.010000
1767724535189502,458.21,21.9300,0.5000,0.5300,0.0300,411.75,14.8600,0.4700,0.5000,0.0300,0.030000,-0.030000
1767724535247789,458.21,21.9300,0.5100,0.5300,0.0200,411.75,14.8600,0.4700,0.4900,0.0200,0.020000,-0.020000
1767724535300949,458.21,21.9300,0.5200,0.5300,0.0100,411.75,14.8600,0.4700,0.4800,0.0100,0.010000,-0.010000
1767724535879222,458.21,21.9300,0.5200,0.5400,0.0200,411.75,14.8600,0.4600,0.4800,0.0200,0.020000,-0.020000
1767724535936995,458.21,21.9300,0.5100,0.5400,0.0300,411.75,14.8600,0.4600,0.4900,0.0300,0.030000,-0.030000
1767724535936995,458.21,21.9300,0.5300,0.5400,0.0100,411.75,14.8600,0.4600,0.4700,0.0100,0.010000,-0.010000
1767724537550022,458.21,21.9300,0.5200,0.5400,0.0200,412.69,14.8800,0.4600,0.4800,0.0200,0.020000,-0.020000
1767724537971139,458.21,21.9300,0.5300,0.5400,0.0100,412.69,14.8800,0.4600,0.4700,0.0100,0.010000,-0.010000
1767724540818143,458.21,21.9300,0.5200,0.5400,0.0200,412.69,14.8800,0.4600,0.4800,0.0200,0.020000,-0.020000
1767724540987214,458.21,21.9300,0.5200,0.5300,0.0100,412.69,14.8800,0.4700,0.4800,0.0100,0.010000,-0.010000
1767724543742355,458.21,21.9300,0.5000,0.5300,0.0300,415.09,14.9300,0.4700,0.5000,0.0300,0.030000,-0.030000
1767724544150518,458.21,21.9300,0.5100,0.5300,0.0200,415.09,14.9300,0.4700,0.4900,0.0200,0.020000,-0.020000
1767724545241540,461.85,22.0000,0.5100,0.5200,0.0100,427.34,15.4300,0.4800,0.4900,0.0100,0.010000,-0.010000
1767724545457783,461.85,22.0000,0.5000,0.5200,0.0200,427.34,15.4300,0.4800,0.5000,0.0200,0.020000,-0.020000
1767724546056604,461.85,22.0000,0.5000,0.5100,0.0100,427.34,15.4300,0.4900,0.5000,0.0100,0.010000,-0.010000
1767724546120252,461.85,22.0000,0.4900,0.5100,0.0200,427.34,15.4300,0.4900,0.5100,0.0200,0.020000,-0.020000
1767724546236506,461.85,22.0000,0.4900,0.5000,0.0100,427.34,15.4300,0.5000,0.5100,0.0100,0.010000,-0.010000
1767724546533393,461.85,22.0000,0.4900,0.5100,0.0200,427.34,15.4300,0.4900,0.5100,0.0200,0.020000,-0.020000
1767724547418716,461.85,22.0000,0.4900,0.5000,0.0100,427.34,15.4300,0.5000,0.5100,0.0100,0.010000,-0.010000
1767724549099001,461.85,22.0000,0.4800,0.5000,0.0200,427.34,15.4300,0.5000,0.5200,0.0200,0.020000,-0.020000
1767724549456861,461.85,22.0000,0.4800,0.4900,0.0100,427.34,15.4300,0.5100,0.5200,0.0100,0.010000,-0.010000
1767724550120020,461.85,22.0000,0.4600,0.4900,0.0300,427.34,15.4300,0.5100,0.5400,0.0300,0.030000,-0.030000
1767724550205509,461.85,22.0000,0.4600,0.4800,0.0200,427.34,15.4300,0.5200,0.5400,0.0200,0.020000,-0.020000
1767724550730450,461.85,22.0000,0.4600,0.4700,0.0100,427.34,15.4300,0.5300,0.5400,0.0100,0.010000,-0.010000
1767724550889309,461.85,22.0000,0.4600,0.4800,0.0200,427.34,15.4300,0.5200,0.5400,0.0200,0.020000,-0.020000
1767724550896992,461.85,22.0000,0.4600,0.4700,0.0100,427.34,15.4300,0.5300,0.5400,0.0100,0.010000,-0.010000
1767724550935956,461.85,22.0000,0.4600,0.4800,0.0200,427.34,15.4300,0.5200,0.5400,0.0200,0.020000,-0.020000
1767724551183015,461.85,22.0000,0.4600,0.4700,0.0100,427.34,15.4300,0.5300,0.5400,0.0100,0.010000,-0.010000
1767724551243996,461.85,22.0000,0.4600,0.4800,0.0200,427.34,15.4300,0.5200,0.5400,0.0200,0.020000,-0.020000
1767724551531051,461.85,22.0000,0.4600,0.4700,0.0100,427.34,15.4300,0.5300,0.5400,0.0100,0.010000,-0.010000
1767724551579296,461.85,22.0000,0.4600,0.4800,0.0200,427.34,15.4300,0.5200,0.5400,0.0200,0.020000,-0.020000
1767724551774802,461.85,22.0000,0.4600,0.4700,0.0100,427.34,15.4300,0.5300,0.5400,0.0100,0.010000,-0.010000
1767724551825757,461.85,22.0000,0.4600,0.4800,0.0200,427.34,15.4300,0.5200,0.5400,0.0200,0.020000,-0.020000
1767724552030996,461.85,22.0000,0.4600,0.4700,0.0100,427.34,15.4300,0.5300,0.5400,0.0100,0.010000,-0.010000
1767724552138758,461.85,22.0000,0.4600,0.4800,0.0200,427.34,15.4300,0.5200,0.5400,0.0200,0.020000,-0.020000
1767724554148626,461.85,22.0000,0.4500,0.4800,0.0300,427.34,15.4300,0.5200,0.5500,0.0300,0.030000,-0.030000
1767724554230485,461.85,22.0000,0.4500,0.4700,0.0200,427.34,15.4300,0.5300,0.5500,0.0200,0.020000,-0.020000
1767724554394645,461.85,22.0000,0.4500,0.4600,0.0100,427.34,15.4300,0.5400,0.5500,0.0100,0.010000,-0.010000
1767724554508225,461.85,22.0000,0.4500,0.5000,0.0500,427.34,15.4300,0.5000,0.5500,0.0500,0.050000,-0.050000
1767724554548205,461.85,22.0000,0.4500,0.4900,0.0400,427.34,15.4300,0.5100,0.5500,0.0400,0.040000,-0.040000
1767724554646646,461.85,22.0000,0.4400,0.4900,0.0500,427.34,15.4300,0.5100,0.5600,0.0500,0.050000,-0.050000
1767724554692313,461.85,22.0000,0.4400,0.4600,0.0200,427.34,15.4300,0.5400,0.5600,0.0200,0.020000,-0.020000
1767724555018781,461.85,22.0000,0.4400,0.4700,0.0300,427.34,15.4300,0.5300,0.5600,0.0300,0.030000,-0.030000
1767724555428858,461.85,22.0000,0.4400,0.4600,0.0200,427.34,15.4300,0.5400,0.5600,0.0200,0.020000,-0.020000
1767724556158703,461.85,22.0000,0.4400,0.4700,0.0300,427.34,15.4300,0.5300,0.5600,0.0300,0.030000,-0.030000
1767724556168184,461.85,22.0000,0.4300,0.4700,0.0400,427.34,15.4300,0.5300,0.5700,0.0400,0.040000,-0.040000
1767724556168184,461.85,22.0000,0.4500,0.4700,0.0200,427.34,15.4300,0.5300,0.5500,0.0200,0.020000,-0.020000
1767724556298375,461.85,22.0000,0.4500,0.4600,0.0100,427.34,15.4300,0.5400,0.5500,0.0100,0.010000,-0.010000
1767724557840292,461.85,22.0000,0.4500,0.4800,0.0300,427.34,15.4300,0.5200,0.5500,0.0300,0.030000,-0.030000
1767724557895306,461.85,22.0000,0.4600,0.4800,0.0200,427.34,15.4300,0.5200,0.5400,0.0200,0.020000,-0.020000
1767724558161133,464.73,22.1200,0.4600,0.4900,0.0300,427.34,15.4300,0.5100,0.5400,0.0300,0.030000,-0.030000
1767724558161133,464.73,22.1200,0.4800,0.4900,0.0100,427.34,15.4300,0.5100,0.5200,0.0100,0.010000,-0.010000
1767724558267077,464.73,22.1200,0.4800,0.5000,0.0200,427.34,15.4300,0.5000,0.5200,0.0200,0.020000,-0.020000
1767724558328143,464.73,22.1200,0.4900,0.5000,0.0100,427.34,15.4300,0.5000,0.5100,0.0100,0.010000,-0.010000
1767724560790761,464.73,22.1200,0.4900,0.5100,0.0200,427.34,15.4300,0.4900,0.5100,0.0200,0.020000,-0.020000
1767724560845822,464.73,22.1200,0.5000,0.5100,0.0100,427.34,15.4300,0.4900,0.5000,0.0100,0.010000,-0.010000
1767724561249857,482.58,22.4700,0.5000,0.5200,0.0200,427.34,15.4300,0.4800,0.5000,0.0200,0.020000,-0.020000
1767724561249857,482.58,22.4700,0.5100,0.5200,0.0100,427.34,15.4300,0.4800,0.4900,0.0100,0.010000,-0.010000
1767724561704698,482.58,22.4700,0.5100,0.5300,0.0200,427.34,15.4300,0.4700,0.4900,0.0200,0.020000,-0.020000
1767724561761957,482.58,22.4700,0.5200,0.5300,0.0100,427.34,15.4300,0.4700,0.4800,0.0100,0.010000,-0.010000
1767724563066924,482.58,22.4700,0.5000,0.5300,0.0300,428.30,15.4500,0.4700,0.5000,0.0300,0.030000,-0.030000
1767724563110515,482.58,22.4700,0.4800,0.5300,0.0500,428.30,15.4500,0.4700,0.5200,0.0500,0.050000,-0.050000
1767724563127685,482.58,22.4700,0.5100,0.5300,0.0200,428.30,15.4500,0.4700,0.4900,0.0200,0.020000,-0.020000
1767724563349904,482.58,22.4700,0.5100,0.5200,0.0100,428.30,15.4500,0.4800,0.4900,0.0100,0.010000,-0.010000
1767724564149271,482.58,22.4700,0.4900,0.5200,0.0300,428.30,15.4500,0.4800,0.5100,0.0300,0.030000,-0.030000
1767724564213462,482.58,22.4700,0.4900,0.5100,0.0200,428.30,15.4500,0.4900,0.5100,0.0200,0.020000,-0.020000
1767724564298033,482.58,22.4700,0.4900,0.5000,0.0100,428.30,15.4500,0.5000,0.5100,0.0100,0.010000,-0.010000
1767724565000000,482.58,22.4700,0.4800,0.5000,0.0200,438.70,15.8500,0.5000,0.5200,0.0200,0.020000,-0.020000
1767724565097621,482.58,22.4700,0.4800,0.4900,0.0100,438.70,15.8500,0.5100,0.5200,0.0100,0.010000,-0.010000
1767724565557429,482.58,22.4700,0.4800,0.5000,0.0200,438.70,15.8500,0.5000,0.5200,0.0200,0.020000,-0.020000
1767724565594004,482.58,22.4700,0.4800,0.4900,0.0100,438.70,15.8500,0.5100,0.5200,0.0100,0.010000,-0.010000
1767724566113557,482.58,22.4700,0.4800,0.5000,0.0200,438.70,15.8500,0.5000,0.5200,0.0200,0.020000,-0.020000
1767724566235255,482.58,22.4700,0.4900,0.5000,0.0100,438.70,15.8500,0.5000,0.5100,0.0100,0.010000,-0.010000
1767724568554678,482.58,22.4700,0.4900,0.5100,0.0200,438.70,15.8500,0.4900,0.5100,0.0200,0.020000,-0.020000
1767724568702536,482.58,22.4700,0.5000,0.5100,0.0100,438.70,15.8500,0.4900,0.5000,0.0100,0.010000,-0.010000
1767724570061184,482.58,22.4700,0.4900,0.5100,0.0200,438.70,15.8500,0.4900,0.5100,0.0200,0.020000,-0.020000
1767724570123044,482.58,22.4700,0.4900,0.5000,0.0100,438.70,15.8500,0.5000,0.5100,0.0100,0.010000,-0.010000
1767724570154610,482.58,22.4700,0.4800,0.5000,0.0200,438.70,15.8500,0.5000,0.5200,0.0200,0.020000,-0.020000
1767724570533199,482.58,22.4700,0.4800,0.4900,0.0100,438.70,15.8500,0.5100,0.5200,0.0100,0.010000,-0.010000
1767724572462196,531.58,23.4700,0.4800,0.5000,0.0200,438.70,15.8500,0.5000,0.5200,0.0200,0.020000,-0.020000
1767724573135069,531.58,23.4700,0.4800,0.4900,0.0100,438.70,15.8500,0.5100,0.5200,0.0100,0.010000,-0.010000
1767724573252192,531.58,23.4700,0.4800,0.5000,0.0200,438.70,15.8500,0.5000,0.5200,0.0200,0.020000,-0.020000
1767724573299914,531.58,23.4700,0.4900,0.5000,0.0100,438.70,15.8500,0.5000,0.5100,0.0100,0.010000,-0.010000
1767724573986320,531.58,23.4700,0.4800,0.5000,0.0200,438.70,15.8500,0.5000,0.5200,0.0200,0.020000,-0.020000
1767724574844032,531.58,23.4700,0.4900,0.5000,0.0100,438.70,15.8500,0.5000,0.5100,0.0100,0.010000,-0.010000
1767724576576980,531.58,23.4700,0.4800,0.5000,0.0200,438.70,15.8500,0.5000,0.5200,0.0200,0.020000,-0.020000
1767724576608795,531.58,23.4700,0.4800,0.5100,0.0300,438.70,15.8500,0.4900,0.5200,0.0300,0.030000,-0.030000
1767724576618023,531.58,23.4700,0.4800,0.5000,0.0200,438.70,15.8500,0.5000,0.5200,0.0200,0.020000,-0.020000
1767724576730114,531.58,23.4700,0.4800,0.5100,0.0300,438.70,15.8500,0.4900,0.5200,0.0300,0.030000,-0.030000
1767724576805168,531.58,23.4700,0.4900,0.5100,0.0200,438.70,15.8500,0.4900,0.5100,0.0200,0.020000,-0.020000
1767724576915466,531.58,23.4700,0.5000,0.5100,0.0100,438.70,15.8500,0.4900,0.5000,0.0100,0.010000,-0.010000
1767724579939317,534.13,23.5200,0.4900,0.5100,0.0200,438.70,15.8500,0.4900,0.5100,0.0200,0.020000,-0.020000
1767724580684970,534.13,23.5200,0.4900,0.5000,0.0100,438.70,15.8500,0.5000,0.5100,0.0100,0.010000,-0.010000
1767724581640384,534.13,23.5200,0.4900,0.5100,0.0200,438.70,15.8500,0.4900,0.5100,0.0200,0.020000,-0.020000
1767724581758786,534.13,23.5200,0.5000,0.5100,0.0100,438.70,15.8500,0.4900,0.5000,0.0100,0.010000,-0.010000
1767724585779197,534.13,23.5200,0.4800,0.5100,0.0300,438.70,15.8500,0.4900,0.5200,0.0300,0.030000,-0.030000
1767724585840671,534.13,23.5200,0.4800,0.5000,0.0200,438.70,15.8500,0.5000,0.5200,0.0200,0.020000,-0.020000
1767724586180421,534.13,23.5200,0.4800,0.4900,0.0100,438.70,15.8500,0.5100,0.5200,0.0100,0.010000,-0.010000
1767724587885524,534.13,23.5200,0.4600,0.4900,0.0300,438.70,15.8500,0.5100,0.5400,0.0300,0.030000,-0.030000
1767724587885524,534.13,23.5200,0.4700,0.4900,0.0200,438.70,15.8500,0.5100,0.5300,0.0200,0.020000,-0.020000
1767724587987235,534.13,23.5200,0.4700,0.4800,0.0100,438.70,15.8500,0.5200,0.5300,0.0100,0.010000,-0.010000
1767724588569325,552.73,23.9100,0.4600,0.4800,0.0200,454.90,16.4500,0.5200,0.5400,0.0200,0.020000,-0.020000
1767724588623598,552.73,23.9100,0.4600,0.4700,0.0100,454.90,16.4500,0.5300,0.5400,0.0100,0.010000,-0.010000
1767724588712805,552.73,23.9100,0.4300,0.4700,0.0400,454.90,16.4500,0.5300,0.5700,0.0400,0.040000,-0.040000
1767724588712805,552.73,23.9100,0.4300,0.4600,0.0300,454.90,16.4500,0.5400,0.5700,0.0300,0.030000,-0.030000
1767724588731834,552.73,23.9100,0.4300,0.4700,0.0400,454.90,16.4500,0.5300,0.5700,0.0400,0.040000,-0.040000
1767724588731834,552.73,23.9100,0.4600,0.4700,0.0100,454.90,16.4500,0.5300,0.5400,0.0100,0.010000,-0.010000
1767724589102306,552.73,23.9100,0.4300,0.4700,0.0400,454.90,16.4500,0.5300,0.5700,0.0400,0.040000,-0.040000
1767724589163499,552.73,23.9100,0.4300,0.4600,0.0300,454.90,16.4500,0.5400,0.5700,0.0300,0.030000,-0.030000
1767724589229476,552.73,23.9100,0.4300,0.4500,0.0200,454.90,16.4500,0.5500,0.5700,0.0200,0.020000,-0.020000
1767724589762292,552.73,23.9100,0.4300,0.4400,0.0100,454.90,16.4500,0.5600,0.5700,0.0100,0.010000,-0.010000
1767724589797674,552.73,23.9100,0.4200,0.4400,0.0200,454.90,16.4500,0.5600,0.5800,0.0200,0.020000,-0.020000
1767724589899441,552.73,23.9100,0.4200,0.4300,0.0100,454.90,16.4500,0.5700,0.5800,0.0100,0.010000,-0.010000
1767724590113590,552.73,23.9100,0.3800,0.4300,0.0500,456.10,16.5100,0.5700,0.6200,0.0500,0.050000,-0.050000
1767724590126564,552.73,23.9100,0.4000,0.4300,0.0300,456.10,16.5100,0.5700,0.6000,0.0300,0.030000,-0.030000
1767724590222118,552.73,23.9100,0.4000,0.4200,0.0200,456.10,16.5100,0.5800,0.6000,0.0200,0.020000,-0.020000
1767724590368277,552.73,23.9100,0.4000,0.4100,0.0100,456.10,16.5100,0.5900,0.6000,0.0100,0.010000,-0.010000
1767724591142352,552.73,23.9100,0.3700,0.4100,0.0400,456.10,16.5100,0.5900,0.6300,0.0400,0.040000,-0.040000
1767724591207074,552.73,23.9100,0.3700,0.4000,0.0300,456.10,16.5100,0.6000,0.6300,0.0300,0.030000,-0.030000
1767724591417621,552.73,23.9100,0.3700,0.3900,0.0200,456.10,16.5100,0.6100,0.6300,0.0200,0.020000,-0.020000
1767724591635038,552.73,23.9100,0.3700,0.3800,0.0100,456.10,16.5100,0.6200,0.6300,0.0100,0.010000,-0.010000
1767724592073435,552.73,23.9100,0.3600,0.3800,0.0200,457.38,16.5500,0.6200,0.6400,0.0200,0.020000,-0.020000
1767724592132116,552.73,23.9100,0.3600,0.3700,0.0100,457.38,16.5500,0.6300,0.6400,0.0100,0.010000,-0.010000
1767724592368992,552.73,23.9100,0.3500,0.3700,0.0200,457.38,16.5500,0.6300,0.6500,0.0200,0.020000,-0.020000
1767724592368992,552.73,23.9100,0.3500,0.3600,0.0100,457.38,16.5500,0.6400,0.6500,0.0100,0.010000,-0.010000
1767724595566107,553.77,23.9400,0.3300,0.3600,0.0300,457.38,16.5500,0.6400,0.6700,0.0300,0.030000,-0.030000
1767724595578995,553.77,23.9400,0.3400,0.3600,0.0200,457.38,16.5500,0.6400,0.6600,0.0200,0.020000,-0.020000
1767724595617814,553.77,23.9400,0.3300,0.3600,0.0300,457.38,16.5500,0.6400,0.6700,0.0300,0.030000,-0.030000
1767724595631349,553.77,23.9400,0.3300,0.3500,0.0200,457.38,16.5500,0.6500,0.6700,0.0200,0.020000,-0.020000
1767724595694331,553.77,23.9400,0.3300,0.3400,0.0100,457.38,16.5500,0.6600,0.6700,0.0100,0.010000,-0.010000
1767724595892172,553.77,23.9400,0.3300,0.3700,0.0400,457.38,16.5500,0.6300,0.6700,0.0400,0.040000,-0.040000
1767724595941863,553.77,23.9400,0.3300,0.3600,0.0300,457.38,16.5500,0.6400,0.6700,0.0300,0.030000,-0.030000
1767724596258852,553.77,23.9400,0.3300,0.3500,0.0200,457.38,16.5500,0.6500,0.6700,0.0200,0.020000,-0.020000
1767724596317854,553.77,23.9400,0.3300,0.3400,0.0100,457.38,16.5500,0.6600,0.6700,0.0100,0.010000,-0.010000
1767724596782344,553.77,23.9400,0.2900,0.3400,0.0500,457.38,16.5500,0.6600,0.7100,0.0500,0.050000,-0.050000
1767724596785625,553.77,23.9400,0.3200,0.3400,0.0200,457.38,16.5500,0.6600,0.6800,0.0200,0.020000,-0.020000
1767724596820715,553.77,23.9400,0.3100,0.3400,0.0300,457.38,16.5500,0.6600,0.6900,0.0300,0.030000,-0.030000
1767724596832931,553.77,23.9400,0.2900,0.3400,0.0500,457.38,16.5500,0.6600,0.7100,0.0500,0.050000,-0.050000
1767724596845453,553.77,23.9400,0.2900,0.3300,0.0400,457.38,16.5500,0.6700,0.7100,0.0400,0.040000,-0.040000
1767724596863907,553.77,23.9400,0.3000,0.3300,0.0300,457.38,16.5500,0.6700,0.7000,0.0300,0.030000,-0.030000
1767724596902599,553.77,23.9400,0.3000,0.3200,0.0200,457.38,16.5500,0.6800,0.7000,0.0200,0.020000,-0.020000
1767724596945999,553.77,23.9400,0.2900,0.3200,0.0300,457.38,16.5500,0.6800,0.7100,0.0300,0.030000,-0.030000
1767724597015544,553.77,23.9400,0.2900,0.3100,0.0200,457.38,16.5500,0.6900,0.7100,0.0200,0.020000,-0.020000
1767724597075622,553.77,23.9400,0.2900,0.3000,0.0100,457.38,16.5500,0.7000,0.7100,0.0100,0.010000,-0.010000
1767724597114062,553.77,23.9400,0.2800,0.3000,0.0200,457.38,16.5500,0.7000,0.7200,0.0200,0.020000,-0.020000
1767724597166830,553.77,23.9400,0.2800,0.3100,0.0300,457.38,16.5500,0.6900,0.7200,0.0300,0.030000,-0.030000
1767724597166830,553.77,23.9400,0.2800,0.2900,0.0100,457.38,16.5500,0.7100,0.7200,0.0100,0.010000,-0.010000
1767724597226158,553.77,23.9400,0.2800,0.3200,0.0400,457.38,16.5500,0.6800,0.7200,0.0400,0.040000,-0.040000
1767724597226158,553.77,23.9400,0.2800,0.3000,0.0200,457.38,16.5500,0.7000,0.7200,0.0200,0.020000,-0.020000
1767724597261115,553.77,23.9400,0.2800,0.2900,0.0100,457.38,16.5500,0.7100,0.7200,0.0100,0.010000,-0.010000
1767724608569997,553.77,23.9400,0.2700,0.2900,0.0200,481.86,16.8900,0.7100,0.7300,0.0200,0.020000,-0.020000
1767724608671754,553.77,23.9400,0.2700,0.2800,0.0100,481.86,16.8900,0.7200,0.7300,0.0100,0.010000,-0.010000
1767724608684276,553.77,23.9400,0.2600,0.2800,0.0200,481.86,16.8900,0.7200,0.7400,0.0200,0.020000,-0.020000
1767724608733562,553.77,23.9400,0.2600,0.2700,0.0100,481.86,16.8900,0.7300,0.7400,0.0100,0.010000,-0.010000
1767724608748040,553.77,23.9400,0.2500,0.2700,0.0200,481.86,16.8900,0.7300,0.7500,0.0200,0.020000,-0.020000
1767724608805232,553.77,23.9400,0.2500,0.2800,0.0300,481.86,16.8900,0.7200,0.7500,0.0300,0.030000,-0.030000
1767724608805232,553.77,23.9400,0.2500,0.2600,0.0100,481.86,16.8900,0.7400,0.7500,0.0100,0.010000,-0.010000
1767724612156861,553.77,23.9400,0.2200,0.2600,0.0400,483.36,16.9100,0.7400,0.7800,0.0400,0.040000,-0.040000
1767724612156861,553.77,23.9400,0.2200,0.2400,0.0200,483.36,16.9100,0.7600,0.7800,0.0200,0.020000,-0.020000
1767724612220693,553.77,23.9400,0.2200,0.2300,0.0100,483.36,16.9100,0.7700,0.7800,0.0100,0.010000,-0.010000
1767724614671811,554.92,23.9900,0.2100,0.2300,0.0200,492.80,17.1100,0.7700,0.7900,0.0200,0.020000,-0.020000
1767724614796045,554.92,23.9900,0.2100,0.2200,0.0100,492.80,17.1100,0.7800,0.7900,0.0100,0.010000,-0.010000
1767724618850574,557.34,24.1000,0.2100,0.2300,0.0200,492.80,17.1100,0.7700,0.7900,0.0200,0.020000,-0.020000
1767724618850574,557.34,24.1000,0.2200,0.2300,0.0100,492.80,17.1100,0.7700,0.7800,0.0100,0.010000,-0.010000
1767724619318718,575.74,24.9000,0.2200,0.2400,0.0200,492.80,17.1100,0.7600,0.7800,0.0200,0.020000,-0.020000
1767724619442824,575.74,24.9000,0.2300,0.2400,0.0100,492.80,17.1100,0.7600,0.7700,0.0100,0.010000,-0.010000
1767724619922002,575.74,24.9000,0.2300,0.2600,0.0300,492.80,17.1100,0.7400,0.7700,0.0300,0.030000,-0.030000
1767724620046010,575.74,24.9000,0.2400,0.2600,0.0200,492.80,17.1100,0.7400,0.7600,0.0200,0.020000,-0.020000
1767724620103376,575.74,24.9000,0.2500,0.2600,0.0100,492.80,17.1100,0.7400,0.7500,0.0100,0.010000,-0.010000
1767724622804703,578.34,25.0000,0.2500,0.2800,0.0300,492.80,17.1100,0.7200,0.7500,0.0300,0.030000,-0.030000
1767724622804703,578.34,25.0000,0.2600,0.2800,0.0200,492.80,17.1100,0.7200,0.7400,0.0200,0.020000,-0.020000
1767724622856997,578.34,25.0000,0.2600,0.2900,0.0300,492.80,17.1100,0.7100,0.7400,0.0300,0.030000,-0.030000
1767724622868134,578.34,25.0000,0.2700,0.2900,0.0200,492.80,17.1100,0.7100,0.7300,0.0200,0.020000,-0.020000
1767724623443092,578.34,25.0000,0.2800,0.2900,0.0100,492.80,17.1100,0.7100,0.7200,0.0100,0.010000,-0.010000
1767724625258853,578.34,25.0000,0.2600,0.2900,0.0300,492.80,17.1100,0.7100,0.7400,0.0300,0.030000,-0.030000
1767724625359631,578.34,25.0000,0.2600,0.2800,0.0200,492.80,17.1100,0.7200,0.7400,0.0200,0.020000,-0.020000
1767724625532446,578.34,25.0000,0.2600,0.2700,0.0100,492.80,17.1100,0.7300,0.7400,0.0100,0.010000,-0.010000
1767724626248525,580.50,25.0800,0.2500,0.2700,0.0200,492.80,17.1100,0.7300,0.7500,0.0200,0.020000,-0.020000
1767724627864056,580.50,25.0800,0.2400,0.2700,0.0300,494.30,17.1500,0.7300,0.7600,0.0300,0.030000,-0.030000
1767724628535863,590.49,26.1900,0.2500,0.2700,0.0200,494.30,17.1500,0.7300,0.7500,0.0200,0.020000,-0.020000
1767724631492374,591.03,26.2300,0.2500,0.2600,0.0100,504.05,17.4100,0.7400,0.7500,0.0100,0.010000,-0.010000
1767724632293931,591.03,26.2300,0.2400,0.2600,0.0200,511.55,17.5100,0.7400,0.7600,0.0200,0.020000,-0.020000
1767724632293931,591.03,26.2300,0.2400,0.2500,0.0100,511.55,17.5100,0.7500,0.7600,0.0100,0.010000,-0.010000
1767724634640141,591.03,26.2300,0.2200,0.2500,0.0300,534.35,17.8100,0.7500,0.7800,0.0300,0.030000,-0.030000
1767724634640141,591.03,26.2300,0.2300,0.2500,0.0200,534.35,17.8100,0.7500,0.7700,0.0200,0.020000,-0.020000
1767724634680539,591.03,26.2300,0.2200,0.2500,0.0300,534.35,17.8100,0.7500,0.7800,0.0300,0.030000,-0.030000
1767724635046427,591.03,26.2300,0.2100,0.2500,0.0400,534.35,17.8100,0.7500,0.7900,0.0400,0.040000,-0.040000
1767724635199308,591.03,26.2300,0.2100,0.2400,0.0300,534.35,17.8100,0.7600,0.7900,0.0300,0.030000,-0.030000
1767724635302765,591.03,26.2300,0.2100,0.2300,0.0200,534.35,17.8100,0.7700,0.7900,0.0200,0.020000,-0.020000
1767724637544445,591.03,26.2300,0.2200,0.2300,0.0100,534.35,17.8100,0.7700,0.7800,0.0100,0.010000,-0.010000
1767724637592353,591.03,26.2300,0.2200,0.2400,0.0200,534.35,17.8100,0.7600,0.7800,0.0200,0.020000,-0.020000
1767724637603290,591.03,26.2300,0.2200,0.2500,0.0300,534.35,17.8100,0.7500,0.7800,0.0300,0.030000,-0.030000
1767724637668770,591.03,26.2300,0.2300,0.2500,0.0200,534.35,17.8100,0.7500,0.7700,0.0200,0.020000,-0.020000
1767724637807627,591.03,26.2300,0.2400,0.2500,0.0100,534.35,17.8100,0.7500,0.7600,0.0100,0.010000,-0.010000
1767724644972182,598.03,26.5100,0.2400,0.2700,0.0300,534.35,17.8100,0.7300,0.7600,0.0300,0.030000,-0.030000
1767724644972182,598.03,26.5100,0.2500,0.2700,0.0200,534.35,17.8100,0.7300,0.7500,0.0200,0.020000,-0.020000
1767724648019733,598.03,26.5100,0.2300,0.2700,0.0400,779.37,24.8500,0.7300,0.7700,0.0400,0.040000,-0.040000
1767724648079083,598.03,26.5100,0.2400,0.2700,0.0300,779.37,24.8500,0.7300,0.7600,0.0300,0.030000,-0.030000
1767724648193745,598.03,26.5100,0.2400,0.2600,0.0200,779.37,24.8500,0.7400,0.7600,0.0200,0.020000,-0.020000
1767724649273449,598.03,26.5100,0.2300,0.2600,0.0300,779.37,24.8500,0.7400,0.7700,0.0300,0.030000,-0.030000
1767724649324690,598.03,26.5100,0.2200,0.2600,0.0400,779.37,24.8500,0.7400,0.7800,0.0400,0.040000,-0.040000
1767724649329659,598.03,26.5100,0.2300,0.2600,0.0300,779.37,24.8500,0.7400,0.7700,0.0300,0.030000,-0.030000
1767724649451411,598.03,26.5100,0.2200,0.2600,0.0400,779.37,24.8500,0.7400,0.7800,0.0400,0.040000,-0.040000
1767724649523477,598.03,26.5100,0.2200,0.2500,0.0300,779.37,24.8500,0.7500,0.7800,0.0300,0.030000,-0.030000
1767724649794947,598.03,26.5100,0.2200,0.2400,0.0200,779.37,24.8500,0.7600,0.7800,0.0200,0.020000,-0.020000
1767724650922164,598.03,26.5100,0.2200,0.2500,0.0300,779.37,24.8500,0.7500,0.7800,0.0300,0.030000,-0.030000
1767724650977336,598.03,26.5100,0.2300,0.2500,0.0200,779.37,24.8500,0.7500,0.7700,0.0200,0.020000,-0.020000
1767724651352040,598.03,26.5100,0.2300,0.2600,0.0300,779.37,24.8500,0.7400,0.7700,0.0300,0.030000,-0.030000
1767724651408885,598.03,26.5100,0.2300,0.2700,0.0400,779.37,24.8500,0.7300,0.7700,0.0400,0.040000,-0.040000
1767724651447478,598.03,26.5100,0.2200,0.2700,0.0500,779.37,24.8500,0.7300,0.7800,0.0500,0.050000,-0.050000
1767724651447871,598.03,26.5100,0.2400,0.2700,0.0300,779.37,24.8500,0.7300,0.7600,0.0300,0.030000,-0.030000
1767724651691443,598.03,26.5100,0.2500,0.2700,0.0200,779.37,24.8500,0.7300,0.7500,0.0200,0.020000,-0.020000
1767724652000000,599.53,26.5700,0.2400,0.2700,0.0300,779.37,24.8500,0.7300,0.7600,0.0300,0.030000,-0.030000
1767724652076981,599.53,26.5700,0.2400,0.2600,0.0200,779.37,24.8500,0.7400,0.7600,0.0200,0.020000,-0.020000
1767724652126239,599.53,26.5700,0.2200,0.2600,0.0400,779.37,24.8500,0.7400,0.7800,0.0400,0.040000,-0.040000
1767724652148681,599.53,26.5700,0.2400,0.2600,0.0200,779.37,24.8500,0.7400,0.7600,0.0200,0.020000,-0.020000
1767724652784205,599.53,26.5700,0.2400,0.2500,0.0100,779.37,24.8500,0.7500,0.7600,0.0100,0.010000,-0.010000
1767724653056710,599.53,26.5700,0.2300,0.2500,0.0200,779.37,24.8500,0.7500,0.7700,0.0200,0.020000,-0.020000
1767724653251612,599.53,26.5700,0.2400,0.2500,0.0100,779.37,24.8500,0.7500,0.7600,0.0100,0.010000,-0.010000
1767724653305648,599.53,26.5700,0.2300,0.2500,0.0200,779.37,24.8500,0.7500,0.7700,0.0200,0.020000,-0.020000
1767724653368109,599.53,26.5700,0.2400,0.2500,0.0100,779.37,24.8500,0.7500,0.7600,0.0100,0.010000,-0.010000
1767724653410401,599.53,26.5700,0.2300,0.2500,0.0200,779.37,24.8500,0.7500,0.7700,0.0200,0.020000,-0.020000
1767724653479283,599.53,26.5700,0.2400,0.2500,0.0100,779.37,24.8500,0.7500,0.7600,0.0100,0.010000,-0.010000
1767724655275105,599.53,26.5700,0.2200,0.2500,0.0300,779.37,24.8500,0.7500,0.7800,0.0300,0.030000,-0.030000
1767724656086989,599.53,26.5700,0.2200,0.2400,0.0200,779.37,24.8500,0.7600,0.7800,0.0200,0.020000,-0.020000
1767724656097711,599.53,26.5700,0.2100,0.2400,0.0300,779.37,24.8500,0.7600,0.7900,0.0300,0.030000,-0.030000
1767724656190256,599.53,26.5700,0.2100,0.2300,0.0200,779.37,24.8500,0.7700,0.7900,0.0200,0.020000,-0.020000
1767724656668940,599.53,26.5700,0.2100,0.2200,0.0100,779.37,24.8500,0.7800,0.7900,0.0100,0.010000,-0.010000
1767724658454164,599.53,26.5700,0.2000,0.2200,0.0200,782.53,24.8900,0.7800,0.8000,0.0200,0.020000,-0.020000
1767724658454164,599.53,26.5700,0.2000,0.2100,0.0100,782.53,24.8900,0.7900,0.8000,0.0100,0.010000,-0.010000
1767724663022079,604.15,26.7900,0.1600,0.2100,0.0500,801.73,25.1300,0.7900,0.8400,0.0500,0.050000,-0.050000
1767724663022079,604.15,26.7900,0.1600,0.2000,0.0400,801.73,25.1300,0.8000,0.8400,0.0400,0.040000,-0.040000
1767724663083943,604.15,26.7900,0.1600,0.1900,0.0300,801.73,25.1300,0.8100,0.8400,0.0300,0.030000,-0.030000
1767724663188638,604.15,26.7900,0.1500,0.1900,0.0400,801.73,25.1300,0.8100,0.8500,0.0400,0.040000,-0.040000
1767724663279890,604.15,26.7900,0.1500,0.1800,0.0300,801.73,25.1300,0.8200,0.8500,0.0300,0.030000,-0.030000
1767724663332838,604.15,26.7900,0.1600,0.1800,0.0200,801.73,25.1300,0.8200,0.8400,0.0200,0.020000,-0.020000
1767724663338399,604.15,26.7900,0.1600,0.1700,0.0100,801.73,25.1300,0.8300,0.8400,0.0100,0.010000,-0.010000
1767724663506491,604.15,26.7900,0.1500,0.1700,0.0200,801.73,25.1300,0.8300,0.8500,0.0200,0.020000,-0.020000
1767724663566735,604.15,26.7900,0.1500,0.1600,0.0100,801.73,25.1300,0.8400,0.8500,0.0100,0.010000,-0.010000
1767724663794171,604.15,26.7900,0.1400,0.1600,0.0200,801.73,25.1300,0.8400,0.8600,0.0200,0.020000,-0.020000
1767724663904584,604.15,26.7900,0.1400,0.1500,0.0100,801.73,25.1300,0.8500,0.8600,0.0100,0.010000,-0.010000
1767724664096921,604.15,26.7900,0.1400,0.1600,0.0200,801.73,25.1300,0.8400,0.8600,0.0200,0.020000,-0.020000
1767724668176795,604.15,26.7900,0.1500,0.1600,0.0100,823.23,25.6300,0.8400,0.8500,0.0100,0.010000,-0.010000
1767724669368063,604.15,26.7900,0.1400,0.1600,0.0200,842.78,25.8600,0.8400,0.8600,0.0200,0.020000,-0.020000
1767724669445107,604.15,26.7900,0.1400,0.1500,0.0100,842.78,25.8600,0.8500,0.8600,0.0100,0.010000,-0.010000
1767724672770392,604.15,26.7900,0.1300,0.1500,0.0200,843.64,25.8700,0.8500,0.8700,0.0200,0.020000,-0.020000
1767724673717891,604.15,26.7900,0.1400,0.1500,0.0100,843.64,25.8700,0.8500,0.8600,0.0100,0.010000,-0.010000
1767724673796723,604.15,26.7900,0.1400,0.1600,0.0200,843.64,25.8700,0.8400,0.8600,0.0200,0.020000,-0.020000
1767724676046706,604.15,26.7900,0.1500,0.1600,0.0100,844.49,25.8800,0.8400,0.8500,0.0100,0.010000,-0.010000
1767724677285116,604.15,26.7900,0.1500,0.1700,0.0200,844.49,25.8800,0.8300,0.8500,0.0200,0.020000,-0.020000
1767724677497118,604.15,26.7900,0.1600,0.1700,0.0100,844.49,25.8800,0.8300,0.8400,0.0100,0.010000,-0.010000
1767724677563598,604.15,26.7900,0.1600,0.1800,0.0200,844.49,25.8800,0.8200,0.8400,0.0200,0.020000,-0.020000
1767724677872948,604.15,26.7900,0.1700,0.1800,0.0100,844.49,25.8800,0.8200,0.8300,0.0100,0.010000,-0.010000
1767724682433282,604.15,26.7900,0.1700,0.2000,0.0300,874.37,26.2400,0.8000,0.8300,0.0300,0.030000,-0.030000
1767724682433282,604.15,26.7900,0.1700,0.1900,0.0200,874.37,26.2400,0.8100,0.8300,0.0200,0.020000,-0.020000
1767724683842986,604.15,26.7900,0.1800,0.1900,0.0100,883.50,26.4600,0.8100,0.8200,0.0100,0.010000,-0.010000
1767724683888418,604.15,26.7900,0.1700,0.1900,0.0200,883.50,26.4600,0.8100,0.8300,0.0200,0.020000,-0.020000
1767724683992229,604.15,26.7900,0.1800,0.1900,0.0100,883.50,26.4600,0.8100,0.8200,0.0100,0.010000,-0.010000
1767724686503050,604.95,26.8700,0.1800,0.2000,0.0200,884.32,26.4700,0.8000,0.8200,0.0200,0.020000,-0.020000
1767724686692531,604.95,26.8700,0.1900,0.2000,0.0100,884.32,26.4700,0.8000,0.8100,0.0100,0.010000,-0.010000
1767724686776789,604.95,26.8700,0.1900,0.2100,0.0200,884.32,26.4700,0.7900,0.8100,0.0200,0.020000,-0.020000
1767724686776789,604.95,26.8700,0.2000,0.2100,0.0100,884.32,26.4700,0.7900,0.8000,0.0100,0.010000,-0.010000
1767724686871140,604.95,26.8700,0.2000,0.2200,0.0200,884.32,26.4700,0.7800,0.8000,0.0200,0.020000,-0.020000
1767724689268484,604.95,26.8700,0.1900,0.2200,0.0300,896.52,26.9700,0.7800,0.8100,0.0300,0.030000,-0.030000
1767724689353670,604.95,26.8700,0.1900,0.2100,0.0200,896.52,26.9700,0.7900,0.8100,0.0200,0.020000,-0.020000
1767724689444636,604.95,26.8700,0.1900,0.2000,0.0100,896.52,26.9700,0.8000,0.8100,0.0100,0.010000,-0.010000
1767724689595018,604.95,26.8700,0.1800,0.2000,0.0200,896.52,26.9700,0.8000,0.8200,0.0200,0.020000,-0.020000
1767724689848497,604.95,26.8700,0.1800,0.1900,0.0100,896.52,26.9700,0.8100,0.8200,0.0100,0.010000,-0.010000
1767724690403514,604.95,26.8700,0.1700,0.1900,0.0200,896.52,26.9700,0.8100,0.8300,0.0200,0.020000,-0.020000
1767724690624567,604.95,26.8700,0.1700,0.1800,0.0100,896.52,26.9700,0.8200,0.8300,0.0100,0.010000,-0.010000
1767724692695910,604.95,26.8700,0.1600,0.1800,0.0200,897.35,26.9800,0.8200,0.8400,0.0200,0.020000,-0.020000
1767724692811945,604.95,26.8700,0.1600,0.1700,0.0100,897.35,26.9800,0.8300,0.8400,0.0100,0.010000,-0.010000
1767724693142680,604.95,26.8700,0.1500,0.1700,0.0200,897.35,26.9800,0.8300,0.8500,0.0200,0.020000,-0.020000
1767724693325110,604.95,26.8700,0.1600,0.1700,0.0100,897.35,26.9800,0.8300,0.8400,0.0100,0.010000,-0.010000
1767724697624705,604.95,26.8700,0.1600,0.1900,0.0300,899.03,27.0000,0.8100,0.8400,0.0300,0.030000,-0.030000
1767724697803799,604.95,26.8700,0.1600,0.1800,0.0200,899.03,27.0000,0.8200,0.8400,0.0200,0.020000,-0.020000
1767724698871249,604.95,26.8700,0.1600,0.1700,0.0100,899.03,27.0000,0.8300,0.8400,0.0100,0.010000,-0.010000
1767724699618785,605.80,26.9200,0.1600,0.1800,0.0200,899.87,27.0100,0.8200,0.8400,0.0200,0.020000,-0.020000
1767724699727789,605.80,26.9200,0.1600,0.1900,0.0300,899.87,27.0100,0.8100,0.8400,0.0300,0.030000,-0.030000
1767724699922442,605.80,26.9200,0.1600,0.1800,0.0200,899.87,27.0100,0.8200,0.8400,0.0200,0.020000,-0.020000
1767724700415079,605.80,26.9200,0.1600,0.1900,0.0300,899.87,27.0100,0.8100,0.8400,0.0300,0.030000,-0.030000
1767724700502511,605.80,26.9200,0.1700,0.1900,0.0200,899.87,27.0100,0.8100,0.8300,0.0200,0.020000,-0.020000
1767724700657503,605.80,26.9200,0.1800,0.1900,0.0100,899.87,27.0100,0.8100,0.8200,0.0100,0.010000,-0.010000
1767724702136011,605.80,26.9200,0.1600,0.1900,0.0300,899.87,27.0100,0.8100,0.8400,0.0300,0.030000,-0.030000
1767724702245193,605.80,26.9200,0.1600,0.1800,0.0200,899.87,27.0100,0.8200,0.8400,0.0200,0.020000,-0.020000
1767724702307541,605.80,26.9200,0.1600,0.1700,0.0100,899.87,27.0100,0.8300,0.8400,0.0100,0.010000,-0.010000
1767724707671122,605.80,26.9200,0.1400,0.1700,0.0300,904.07,27.0600,0.8300,0.8600,0.0300,0.030000,-0.030000
1767724707671122,605.80,26.9200,0.1400,0.1600,0.0200,904.07,27.0600,0.8400,0.8600,0.0200,0.020000,-0.020000
1767724707787032,605.80,26.9200,0.1400,0.1500,0.0100,904.07,27.0600,0.8500,0.8600,0.0100,0.010000,-0.010000
1767724708796418,605.80,26.9200,0.1300,0.1500,0.0200,904.07,27.0600,0.8500,0.8700,0.0200,0.020000,-0.020000
1767724708956588,605.80,26.9200,0.1400,0.1500,0.0100,904.07,27.0600,0.8500,0.8600,0.0100,0.010000,-0.010000
1767724709539795,605.80,26.9200,0.1300,0.1500,0.0200,904.07,27.0600,0.8500,0.8700,0.0200,0.020000,-0.020000
1767724709950825,605.80,26.9200,0.1400,0.1500,0.0100,904.07,27.0600,0.8500,0.8600,0.0100,0.010000,-0.010000
1767724711117455,605.80,26.9200,0.1400,0.1600,0.0200,904.93,27.0700,0.8400,0.8600,0.0200,0.020000,-0.020000
1767724712599729,615.56,28.1400,0.1500,0.1600,0.0100,904.93,27.0700,0.8400,0.8500,0.0100,0.010000,-0.010000
1767724712613655,615.56,28.1400,0.1400,0.1600,0.0200,904.93,27.0700,0.8400,0.8600,0.0200,0.020000,-0.020000
1767724712647359,615.56,28.1400,0.1200,0.1600,0.0400,904.93,27.0700,0.8400,0.8800,0.0400,0.040000,-0.040000
1767724712660876,615.56,28.1400,0.1300,0.1600,0.0300,904.93,27.0700,0.8400,0.8700,0.0300,0.030000,-0.030000
1767724712668471,615.56,28.1400,0.1500,0.1600,0.0100,904.93,27.0700,0.8400,0.8500,0.0100,0.010000,-0.010000
1767724712712310,615.56,28.1400,0.1500,0.1800,0.0300,904.93,27.0700,0.8200,0.8500,0.0300,0.030000,-0.030000
1767724712897904,615.56,28.1400,0.1600,0.1800,0.0200,904.93,27.0700,0.8200,0.8400,0.0200,0.020000,-0.020000
1767724713203184,615.74,28.1600,0.1700,0.1800,0.0100,940.70,27.5800,0.8200,0.8300,0.0100,0.010000,-0.010000
1767724713288721,615.74,28.1600,0.1600,0.1800,0.0200,940.70,27.5800,0.8200,0.8400,0.0200,0.020000,-0.020000
1767724713303197,615.74,28.1600,0.1600,0.1900,0.0300,940.70,27.5800,0.8100,0.8400,0.0300,0.030000,-0.030000
1767724713303197,615.74,28.1600,0.1800,0.1900,0.0100,940.70,27.5800,0.8100,0.8200,0.0100,0.010000,-0.010000
1767724713370134,615.74,28.1600,0.1800,0.2000,0.0200,940.70,27.5800,0.8000,0.8200,0.0200,0.020000,-0.020000
1767724713404164,615.74,28.1600,0.1700,0.2000,0.0300,940.70,27.5800,0.8000,0.8300,0.0300,0.030000,-0.030000
1767724713445235,615.74,28.1600,0.1800,0.2000,0.0200,940.70,27.5800,0.8000,0.8200,0.0200,0.020000,-0.020000
1767724714378594,615.74,28.1600,0.1800,0.1900,0.0100,979.24,28.5200,0.8100,0.8200,0.0100,0.010000,-0.010000
1767724714810142,615.74,28.1600,0.1700,0.1900,0.0200,979.24,28.5200,0.8100,0.8300,0.0200,0.020000,-0.020000
1767724715000000,615.92,28.1700,0.1700,0.1800,0.0100,979.24,28.5200,0.8200,0.8300,0.0100,0.010000,-0.010000
1767724715475426,627.89,29.4300,0.1700,0.1900,0.0200,979.24,28.5200,0.8100,0.8300,0.0200,0.020000,-0.020000
1767724715498971,627.89,29.4300,0.1800,0.1900,0.0100,979.24,28.5200,0.8100,0.8200,0.0100,0.010000,-0.010000
1767724715553554,627.89,29.4300,0.1800,0.2200,0.0400,979.24,28.5200,0.7800,0.8200,0.0400,0.040000,-0.040000
1767724715611178,627.89,29.4300,0.1900,0.2200,0.0300,979.24,28.5200,0.7800,0.8100,0.0300,0.030000,-0.030000
1767724715670521,627.89,29.4300,0.1800,0.2200,0.0400,979.24,28.5200,0.7800,0.8200,0.0400,0.040000,-0.040000
1767724715670521,627.89,29.4300,0.2000,0.2200,0.0200,979.24,28.5200,0.7800,0.8000,0.0200,0.020000,-0.020000
1767724716144467,627.89,29.4300,0.2000,0.2300,0.0300,979.24,28.5200,0.7700,0.8000,0.0300,0.030000,-0.030000
1767724717045904,627.89,29.4300,0.2100,0.2300,0.0200,979.24,28.5200,0.7700,0.7900,0.0200,0.020000,-0.020000
1767724717184171,627.89,29.4300,0.2000,0.2300,0.0300,979.24,28.5200,0.7700,0.8000,0.0300,0.030000,-0.030000
1767724717452993,627.89,29.4300,0.2100,0.2300,0.0200,979.24,28.5200,0.7700,0.7900,0.0200,0.020000,-0.020000
1767724718306162,627.89,29.4300,0.2000,0.2300,0.0300,979.24,28.5200,0.7700,0.8000,0.0300,0.030000,-0.030000
1767724718740618,627.89,29.4300,0.2100,0.2300,0.0200,979.24,28.5200,0.7700,0.7900,0.0200,0.020000,-0.020000
1767724719147715,627.89,29.4300,0.2000,0.2300,0.0300,1031.19,30.4200,0.7700,0.8000,0.0300,0.030000,-0.030000
1767724719147715,627.89,29.4300,0.2000,0.2100,0.0100,1031.19,30.4200,0.7900,0.8000,0.0100,0.010000,-0.010000
1767724719180203,627.89,29.4300,0.2000,0.2200,0.0200,1031.19,30.4200,0.7800,0.8000,0.0200,0.020000,-0.020000
1767724719212023,627.89,29.4300,0.1900,0.2200,0.0300,1031.19,30.4200,0.7800,0.8100,0.0300,0.030000,-0.030000
1767724719252074,627.89,29.4300,0.1900,0.2100,0.0200,1031.19,30.4200,0.7900,0.8100,0.0200,0.020000,-0.020000
1767724719306837,627.89,29.4300,0.1900,0.2500,0.0600,1031.19,30.4200,0.7500,0.8100,0.0600,0.060000,-0.060000
1767724719306837,627.89,29.4300,0.1900,0.2000,0.0100,1031.19,30.4200,0.8000,0.8100,0.0100,0.010000,-0.010000
1767724719333740,627.89,29.4300,0.1800,0.2000,0.0200,1031.19,30.4200,0.8000,0.8200,0.0200,0.020000,-0.020000
1767724719333740,627.89,29.4300,0.1800,0.1900,0.0100,1031.19,30.4200,0.8100,0.8200,0.0100,0.010000,-0.010000
1767724719358992,627.89,29.4300,0.1800,0.2000,0.0200,1031.19,30.4200,0.8000,0.8200,0.0200,0.020000,-0.020000
1767724719390863,627.89,29.4300,0.1700,0.2000,0.0300,1031.19,30.4200,0.8000,0.8300,0.0300,0.030000,-0.030000
1767724719450462,627.89,29.4300,0.1800,0.2000,0.0200,1031.19,30.4200,0.8000,0.8200,0.0200,0.020000,-0.020000
1767724720118650,627.89,29.4300,0.1900,0.2000,0.0100,1031.19,30.4200,0.8000,0.8100,0.0100,0.010000,-0.010000
1767724720121913,627.89,29.4300,0.1900,0.2100,0.0200,1031.19,30.4200,0.7900,0.8100,0.0200,0.020000,-0.020000
1767724720938345,627.89,29.4300,0.2000,0.2100,0.0100,1031.19,30.4200,0.7900,0.8000,0.0100,0.010000,-0.010000
1767724720984532,627.89,29.4300,0.1900,0.2100,0.0200,1031.19,30.4200,0.7900,0.8100,0.0200,0.020000,-0.020000
1767724721046458,627.89,29.4300,0.2000,0.2100,0.0100,1031.99,30.4300,0.7900,0.8000,0.0100,0.010000,-0.010000
1767724723296768,627.89,29.4300,0.2000,0.2200,0.0200,1031.99,30.4300,0.7800,0.8000,0.0200,0.020000,-0.020000
1767724724846138,627.89,29.4300,0.2000,0.2100,0.0100,1031.99,30.4300,0.7900,0.8000,0.0100,0.010000,-0.010000
1767724725901534,627.89,29.4300,0.1800,0.2100,0.0300,1032.79,30.4400,0.7900,0.8200,0.0300,0.030000,-0.030000
1767724725957998,627.89,29.4300,0.1900,0.2100,0.0200,1032.79,30.4400,0.7900,0.8100,0.0200,0.020000,-0.020000
1767724726000000,632.29,29.8700,0.1800,0.2100,0.0300,1032.79,30.4400,0.7900,0.8200,0.0300,0.030000,-0.030000
1767724726017451,632.29,29.8700,0.1800,0.2000,0.0200,1041.70,30.6600,0.8000,0.8200,0.0200,0.020000,-0.020000
1767724726063239,632.29,29.8700,0.1900,0.2000,0.0100,1041.70,30.6600,0.8000,0.8100,0.0100,0.010000,-0.010000
1767724726264242,632.29,29.8700,0.1800,0.2000,0.0200,1041.70,30.6600,0.8000,0.8200,0.0200,0.020000,-0.020000
1767724726264242,632.29,29.8700,0.1800,0.1900,0.0100,1041.70,30.6600,0.8100,0.8200,0.0100,0.010000,-0.010000
1767724729840397,632.29,29.8700,0.1600,0.1900,0.0300,1042.52,30.6700,0.8100,0.8400,0.0300,0.030000,-0.030000
1767724729840416,632.29,29.8700,0.1700,0.1900,0.0200,1042.52,30.6700,0.8100,0.8300,0.0200,0.020000,-0.020000
1767724729878409,632.29,29.8700,0.1700,0.1800,0.0100,1042.52,30.6700,0.8200,0.8300,0.0100,0.010000,-0.010000
1767724730049111,632.29,29.8700,0.1600,0.1800,0.0200,1052.49,30.8000,0.8200,0.8400,0.0200,0.020000,-0.020000
1767724730049111,632.29,29.8700,0.1600,0.1700,0.0100,1052.49,30.8000,0.8300,0.8400,0.0100,0.010000,-0.010000
1767724731638423,632.29,29.8700,0.1600,0.1800,0.0200,1052.49,30.8000,0.8200,0.8400,0.0200,0.020000,-0.020000
1767724733453256,632.29,29.8700,0.1600,0.1700,0.0100,1052.49,30.8000,0.8300,0.8400,0.0100,0.010000,-0.010000
1767724733453372,632.29,29.8700,0.1500,0.1700,0.0200,1052.49,30.8000,0.8300,0.8500,0.0200,0.020000,-0.020000
1767724734650830,632.29,29.8700,0.1500,0.1800,0.0300,1052.49,30.8000,0.8200,0.8500,0.0300,0.030000,-0.030000
1767724734712652,632.29,29.8700,0.1600,0.1800,0.0200,1052.49,30.8000,0.8200,0.8400,0.0200,0.020000,-0.020000
1767724737367089,632.29,29.8700,0.1700,0.1800,0.0100,1052.49,30.8000,0.8200,0.8300,0.0100,0.010000,-0.010000
1767724741151364,632.29,29.8700,0.1600,0.1800,0.0200,1079.98,31.2300,0.8200,0.8400,0.0200,0.020000,-0.020000
1767724741151364,632.29,29.8700,0.1600,0.1700,0.0100,1079.98,31.2300,0.8300,0.8400,0.0100,0.010000,-0.010000
1767724741172706,632.29,29.8700,0.1400,0.1700,0.0300,1079.98,31.2300,0.8300,0.8600,0.0300,0.030000,-0.030000
1767724741207554,632.29,29.8700,0.1600,0.1700,0.0100,1079.98,31.2300,0.8300,0.8400,0.0100,0.010000,-0.010000
1767724741233262,632.29,29.8700,0.1500,0.1700,0.0200,1079.98,31.2300,0.8300,0.8500,0.0200,0.020000,-0.020000
1767724741233262,632.29,29.8700,0.1500,0.1600,0.0100,1079.98,31.2300,0.8400,0.8500,0.0100,0.010000,-0.010000
1767724741289880,632.29,29.8700,0.1500,0.1700,0.0200,1079.98,31.2300,0.8300,0.8500,0.0200,0.020000,-0.020000
1767724751945555,633.14,29.9700,0.1500,0.1600,0.0100,1079.98,31.2300,0.8400,0.8500,0.0100,0.010000,-0.010000
1767724752012460,633.14,29.9700,0.1400,0.1600,0.0200,1079.98,31.2300,0.8400,0.8600,0.0200,0.020000,-0.020000
1767724752067990,633.14,29.9700,0.1400,0.1500,0.0100,1079.98,31.2300,0.8500,0.8600,0.0100,0.010000,-0.010000
1767724753055979,633.14,29.9700,0.1300,0.1500,0.0200,1079.98,31.2300,0.8500,0.8700,0.0200,0.020000,-0.020000
1767724753160644,633.14,29.9700,0.1300,0.1400,0.0100,1079.98,31.2300,0.8600,0.8700,0.0100,0.010000,-0.010000
1767724754376204,637.93,30.6000,0.1300,0.1500,0.0200,1079.98,31.2300,0.8500,0.8700,0.0200,0.020000,-0.020000
1767724754376204,637.93,30.6000,0.1400,0.1500,0.0100,1079.98,31.2300,0.8500,0.8600,0.0100,0.010000,-0.010000
1767724758760982,637.93,30.6000,0.1300,0.1500,0.0200,1081.70,31.2500,0.8500,0.8700,0.0200,0.020000,-0.020000
1767724758796326,637.93,30.6000,0.1300,0.1400,0.0100,1081.70,31.2500,0.8600,0.8700,0.0100,0.010000,-0.010000
1767724758808540,637.93,30.6000,0.1200,0.1400,0.0200,1081.70,31.2500,0.8600,0.8800,0.0200,0.020000,-0.020000
1767724758813198,637.93,30.6000,0.1300,0.1400,0.0100,1081.70,31.2500,0.8600,0.8700,0.0100,0.010000,-0.010000
1767724758892746,637.93,30.6000,0.1200,0.1400,0.0200,1081.70,31.2500,0.8600,0.8800,0.0200,0.020000,-0.020000
1767724758994994,637.93,30.6000,0.1200,0.1300,0.0100,1081.70,31.2500,0.8700,0.8800,0.0100,0.010000,-0.010000
1767724761474699,637.93,30.6000,0.1100,0.1300,0.0200,1086.10,31.3000,0.8700,0.8900,0.0200,0.020000,-0.020000
1767724761474699,637.93,30.6000,0.1100,0.1200,0.0100,1086.10,31.3000,0.8800,0.8900,0.0100,0.010000,-0.010000
1767724761604698,637.93,30.6000,0.1000,0.1200,0.0200,1086.10,31.3000,0.8800,0.9000,0.0200,0.020000,-0.020000
1767724761662911,637.93,30.6000,0.1000,0.1100,0.0100,1086.10,31.3000,0.8900,0.9000,0.0100,0.010000,-0.010000
1767724767430270,637.93,30.6000,0.1000,0.1200,0.0200,1087.90,31.3200,0.8800,0.9000,0.0200,0.020000,-0.020000
1767724767586860,637.93,30.6000,0.1100,0.1200,0.0100,1087.90,31.3200,0.8800,0.8900,0.0100,0.010000,-0.010000
1767724767779374,637.93,30.6000,0.1100,0.1300,0.0200,1087.90,31.3200,0.8700,0.8900,0.0200,0.020000,-0.020000
1767724767926509,637.93,30.6000,0.1200,0.1300,0.0100,1087.90,31.3200,0.8700,0.8800,0.0100,0.010000,-0.010000
1767724770773104,637.93,30.6000,0.1200,0.1400,0.0200,1088.78,31.3300,0.8600,0.8800,0.0200,0.020000,-0.020000
1767724772501441,637.93,30.6000,0.1200,0.1300,0.0100,1093.18,31.4300,0.8700,0.8800,0.0100,0.010000,-0.010000
1767724772553090,637.93,30.6000,0.1000,0.1300,0.0300,1093.18,31.4300,0.8700,0.9000,0.0300,0.030000,-0.030000
1767724772594986,637.93,30.6000,0.1100,0.1300,0.0200,1093.18,31.4300,0.8700,0.8900,0.0200,0.020000,-0.020000
1767724772743932,637.93,30.6000,0.1100,0.1200,0.0100,1093.18,31.4300,0.8800,0.8900,0.0100,0.010000,-0.010000
1767724772924883,637.93,30.6000,0.1000,0.1200,0.0200,1093.18,31.4300,0.8800,0.9000,0.0200,0.020000,-0.020000
1767724774281793,637.93,30.6000,0.1000,0.1100,0.0100,1093.18,31.4300,0.8900,0.9000,0.0100,0.010000,-0.010000
1767724776112503,637.93,30.6000,0.0900,0.1100,0.0200,1152.58,32.0900,0.8900,0.9100,0.0200,0.020000,-0.020000
1767724776310659,637.93,30.6000,0.0900,0.1000,0.0100,1152.58,32.0900,0.9000,0.9100,0.0100,0.010000,-0.010000
1767724777153399,638.29,30.6000,0.0800,0.1000,0.0200,1220.65,33.5600,0.9000,0.9200,0.0200,0.020000,-0.020000
1767724777153399,638.29,30.6000,0.0800,0.0900,0.0100,1220.65,33.5600,0.9100,0.9200,0.0100,0.010000,-0.010000
1767724777166451,638.29,30.6000,0.0800,0.1000,0.0200,1220.65,33.5600,0.9000,0.9200,0.0200,0.020000,-0.020000
1767724777169762,638.29,30.6000,0.0800,0.0900,0.0100,1220.65,33.5600,0.9100,0.9200,0.0100,0.010000,-0.010000
1767724777281683,638.29,30.6000,0.0500,0.0900,0.0400,1220.65,33.5600,0.9100,0.9500,0.0400,0.040000,-0.040000
1767724777326179,638.29,30.6000,0.0600,0.0900,0.0300,1220.65,33.5600,0.9100,0.9400,0.0300,0.030000,-0.030000
1767724777377546,638.29,30.6000,0.0600,0.0800,0.0200,1220.65,33.5600,0.9200,0.9400,0.0200,0.020000,-0.020000
1767724777383540,638.29,30.6000,0.0700,0.0800,0.0100,1220.65,33.5600,0.9200,0.9300,0.0100,0.010000,-0.010000
1767724777425613,638.29,30.6000,0.0600,0.0800,0.0200,1220.65,33.5600,0.9200,0.9400,0.0200,0.020000,-0.020000
1767724777431312,638.29,30.6000,0.0700,0.0800,0.0100,1220.65,33.5600,0.9200,0.9300,0.0100,0.010000,-0.010000
1767724777986762,638.29,30.6000,0.0600,0.0800,0.0200,1220.65,33.5600,0.9200,0.9400,0.0200,0.020000,-0.020000
1767724778041757,638.29,30.6000,0.0500,0.0800,0.0300,1220.65,33.5600,0.9200,0.9500,0.0300,0.030000,-0.030000
1767724778048361,638.29,30.6000,0.0500,0.0700,0.0200,1220.65,33.5600,0.9300,0.9500,0.0200,0.020000,-0.020000
1767724779114399,638.29,30.6000,0.0600,0.0700,0.0100,1220.65,33.5600,0.9300,0.9400,0.0100,0.010000,-0.010000
1767724780000000,638.29,30.6000,0.0500,0.0700,0.0200,1253.55,33.9100,0.9300,0.9500,0.0200,0.020000,-0.020000
1767724780831943,638.29,30.6000,0.0600,0.0700,0.0100,1253.55,33.9100,0.9300,0.9400,0.0100,0.010000,-0.010000
1767724781118696,638.56,30.6300,0.0400,0.0700,0.0300,1253.55,33.9100,0.9300,0.9600,0.0300,0.030000,-0.030000
1767724781166496,638.56,30.6300,0.0500,0.0700,0.0200,1253.55,33.9100,0.9300,0.9500,0.0200,0.020000,-0.020000
1767724781644533,638.56,30.6300,0.0500,0.0600,0.0100,1253.55,33.9100,0.9400,0.9500,0.0100,0.010000,-0.010000
1767724781886584,638.56,30.6300,0.0500,0.0700,0.0200,1253.55,33.9100,0.9300,0.9500,0.0200,0.020000,-0.020000
1767724781886584,638.56,30.6300,0.0600,0.0700,0.0100,1253.55,33.9100,0.9300,0.9400,0.0100,0.010000,-0.010000
1767724782010291,638.56,30.6300,0.0400,0.0700,0.0300,1253.55,33.9100,0.9300,0.9600,0.0300,0.030000,-0.030000
1767724782048180,638.56,30.6300,0.0500,0.0700,0.0200,1253.55,33.9100,0.9300,0.9500,0.0200,0.020000,-0.020000
1767724782067280,638.56,30.6300,0.0500,0.0600,0.0100,1253.55,33.9100,0.9400,0.9500,0.0100,0.010000,-0.010000
1767724788948561,639.28,30.7500,0.0400,0.0600,0.0200,1368.50,35.1200,0.9400,0.9600,0.0200,0.020000,-0.020000
1767724789158181,639.28,30.7500,0.0400,0.0500,0.0100,1368.50,35.1200,0.9500,0.9600,0.0100,0.010000,-0.010000
1767724789267922,639.28,30.7500,0.0300,0.0500,0.0200,1368.50,35.1200,0.9500,0.9700,0.0200,0.020000,-0.020000
1767724790920703,639.28,30.7500,0.0400,0.0500,0.0100,1368.50,35.1200,0.9500,0.9600,0.0100,0.010000,-0.010000
1767724798123086,641.83,31.2600,0.0400,0.0600,0.0200,1371.38,35.1500,0.9400,0.9600,0.0200,0.020000,-0.020000
1767724798220433,641.83,31.2600,0.0500,0.0600,0.0100,1371.38,35.1500,0.9400,0.9500,0.0100,0.010000,-0.010000
1767724803749223,646.15,31.9800,0.0400,0.0600,0.0200,1372.33,35.1600,0.9400,0.9600,0.0200,0.020000,-0.020000
1767724803757857,646.15,31.9800,0.0300,0.0600,0.0300,1372.33,35.1600,0.9400,0.9700,0.0300,0.030000,-0.030000
1767724803807790,646.15,31.9800,0.0200,0.0600,0.0400,1372.33,35.1600,0.9400,0.9800,0.0400,0.040000,-0.040000
1767724803851443,646.15,31.9800,0.0400,0.0600,0.0200,1372.33,35.1600,0.9400,0.9600,0.0200,0.020000,-0.020000
1767724803901513,646.15,31.9800,0.0200,0.0600,0.0400,1372.33,35.1600,0.9400,0.9800,0.0400,0.040000,-0.040000
1767724803901513,646.15,31.9800,0.0300,0.0600,0.0300,1372.33,35.1600,0.9400,0.9700,0.0300,0.030000,-0.030000
1767724803962195,646.15,31.9800,0.0200,0.0600,0.0400,1372.33,35.1600,0.9400,0.9800,0.0400,0.040000,-0.040000
1767724803962195,646.15,31.9800,0.0400,0.0600,0.0200,1372.33,35.1600,0.9400,0.9600,0.0200,0.020000,-0.020000
1767724804022136,646.87,32.2200,0.0500,0.0600,0.0100,1372.33,35.1600,0.9400,0.9500,0.0100,0.010000,-0.010000
1767724804294061,646.87,32.2200,0.0500,0.0700,0.0200,1372.33,35.1600,0.9300,0.9500,0.0200,0.020000,-0.020000
1767724804294061,646.87,32.2200,0.0600,0.0700,0.0100,1372.33,35.1600,0.9300,0.9400,0.0100,0.010000,-0.010000
1767724811666404,652.40,33.0100,0.0600,0.0900,0.0300,1381.73,35.2600,0.9100,0.9400,0.0300,0.030000,-0.030000
1767724813299821,652.40,33.0100,0.0600,0.0800,0.0200,1383.61,35.3200,0.9200,0.9400,0.0200,0.020000,-0.020000
1767724816596189,652.40,33.0100,0.0600,0.0700,0.0100,1383.61,35.3200,0.9300,0.9400,0.0100,0.010000,-0.010000
