timestamp,event_type,side,price,quantity_change
1767778213939315,orderbook_update,yes,51,10
1767778230950781,orderbook_update,yes,1,100
1767778231112543,orderbook_update,no,1,100
1767778235000000,trade,no,51,-10
1767778235000000,trade,yes,48,-5
1767778235543401,orderbook_update,yes,42,43
1767778235544465,orderbook_update,yes,51,-10
1767778235544465,orderbook_update,no,53,13
1767778235566217,orderbook_update,yes,42,-43
1767778235567128,orderbook_update,no,53,-13
1767778235624226,orderbook_update,yes,43,20
1767778235626313,orderbook_update,no,52,45
1767778235919176,orderbook_update,no,52,-5
1767778236000000,trade,yes,48,-10
1767778236000000,trade,yes,48,-5
1767778236302661,orderbook_update,no,52,-10
1767778236727390,orderbook_update,no,52,-5
1767778237000000,trade,yes,48,-10
1767778237000000,trade,no,43,-1
1767778237554397,orderbook_update,no,52,-10
1767778237844581,orderbook_update,yes,43,-1
1767778238000000,trade,yes,48,-15
1767778238000000,trade,yes,58,-9
1767778238000000,trade,no,48,-10
1767778238113154,orderbook_update,yes,32,5000
1767778238114606,orderbook_update,no,42,5000
1767778238279294,orderbook_update,no,52,-15
1767778238279294,orderbook_update,no,42,-9
1767778238661178,orderbook_update,yes,48,10
1767778238678878,orderbook_update,yes,48,-10
1767778238678878,orderbook_update,no,52,12
1767778238696844,orderbook_update,yes,44,21
1767778238696971,orderbook_update,yes,43,-19
1767778238698269,orderbook_update,no,51,43
1767778238698365,orderbook_update,no,52,-12
1767778238726622,orderbook_update,yes,24,200
1767778238770644,orderbook_update,yes,48,10
1767778238947910,orderbook_update,yes,45,31
1767778238949240,orderbook_update,no,50,32
1767778238951730,orderbook_update,yes,44,-21
1767778238953643,orderbook_update,no,51,-43
1767778239000000,trade,yes,52,-42
1767778239034022,orderbook_update,yes,48,10
1767778239034450,orderbook_update,yes,48,-10
1767778239143399,orderbook_update,no,43,200
1767778239147760,orderbook_update,yes,48,-10
1767778239174931,orderbook_update,yes,46,27
1767778239175482,orderbook_update,yes,45,-31
1767778239176636,orderbook_update,no,49,36
1767778239177034,orderbook_update,no,50,-32
1767778239192940,orderbook_update,yes,46,-27
1767778239195294,orderbook_update,no,49,-36
1767778239213282,orderbook_update,yes,48,23
1767778239215592,orderbook_update,no,47,41
1767778239301936,orderbook_update,yes,48,10
1767778239418166,orderbook_update,yes,48,-10
1767778239572976,orderbook_update,yes,50,10
1767778239712394,orderbook_update,no,48,100
1767778239712760,orderbook_update,yes,33,100
1767778239748380,orderbook_update,no,48,-42
1767778239763288,orderbook_update,no,48,-58
1767778239763288,orderbook_update,no,44,58
1767778239797797,orderbook_update,yes,33,-100
1767778239812555,orderbook_update,no,44,-58
1767778239835471,orderbook_update,yes,50,10
1767778239838152,orderbook_update,yes,50,-10
1767778239940683,orderbook_update,yes,50,-10
1767778239952096,orderbook_update,yes,50,10
1767778240035849,orderbook_update,yes,32,-5000
1767778240037434,orderbook_update,no,42,-4991
1767778240063504,orderbook_update,yes,50,10
1767778240064157,orderbook_update,yes,50,-10
1767778240143159,orderbook_update,yes,25,100
1767778240143289,orderbook_update,no,48,100
1767778240171823,orderbook_update,yes,50,-10
1767778240188093,orderbook_update,no,48,-100
1767778240188093,orderbook_update,no,44,100
1767778240245653,orderbook_update,no,44,-100
1767778240245653,orderbook_update,no,48,100
1767778240286759,orderbook_update,no,48,-100
1767778240286759,orderbook_update,no,49,100
1767778241000000,trade,yes,51,-10
1767778241000000,trade,yes,51,-10
1767778241151800,orderbook_update,yes,25,-100
1767778241151800,orderbook_update,yes,26,100
1767778241210537,orderbook_update,yes,26,-100
1767778241210537,orderbook_update,yes,27,100
1767778241261707,orderbook_update,yes,27,-100
1767778241261707,orderbook_update,yes,28,100
1767778241298402,orderbook_update,no,49,-10
1767778241318448,orderbook_update,no,49,-10
1767778241328678,orderbook_update,no,49,-80
1767778241329662,orderbook_update,yes,28,-100
1767778241539882,orderbook_update,yes,24,-200
1767778241714916,orderbook_update,yes,2,100
1767778241735933,orderbook_update,no,48,100
1767778241741561,orderbook_update,yes,2,-100
1767778241783667,orderbook_update,no,48,-100
1767778242169231,orderbook_update,no,48,100
1767778242171318,orderbook_update,yes,2,100
1767778242196669,orderbook_update,no,48,-100
1767778242196669,orderbook_update,no,44,100
1767778242230590,orderbook_update,no,44,-100
1767778242230590,orderbook_update,no,48,100
1767778242375560,orderbook_update,yes,31,200
1767778242505157,orderbook_update,yes,2,-100
1767778242505157,orderbook_update,yes,32,100
1767778242541738,orderbook_update,yes,32,-100
1767778242541738,orderbook_update,yes,33,100
1767778242582893,orderbook_update,yes,33,-100
1767778242582893,orderbook_update,yes,34,100
1767778242802850,orderbook_update,no,43,-200
1767778243000000,trade,yes,52,-10
1767778243144824,orderbook_update,no,48,-10
1767778243144890,orderbook_update,no,41,200
1767778243404578,orderbook_update,no,48,-90
1767778243406563,orderbook_update,yes,34,-100
1767778243477586,orderbook_update,yes,52,10
1767778243593669,orderbook_update,yes,48,-23
1767778243594782,orderbook_update,no,47,-41
1767778243597635,orderbook_update,yes,49,21
1767778243598455,orderbook_update,no,46,43
1767778243610174,orderbook_update,yes,49,-21
1767778243610908,orderbook_update,no,46,-43
1767778243635490,orderbook_update,yes,52,27
1767778243636442,orderbook_update,no,43,39
1767778243756859,orderbook_update,yes,32,100
1767778243777155,orderbook_update,no,42,100
1767778243808190,orderbook_update,no,42,-100
1767778243808190,orderbook_update,no,43,100
1767778243840484,orderbook_update,no,43,-100
1767778243840484,orderbook_update,no,44,100
1767778243879322,orderbook_update,no,44,-100
1767778243879322,orderbook_update,no,45,100
1767778243914779,orderbook_update,no,45,-100
1767778243914779,orderbook_update,no,46,100
1767778244184169,orderbook_update,no,46,-100
1767778244184169,orderbook_update,no,44,100
1767778244186143,orderbook_update,yes,32,-100
1767778244186143,orderbook_update,yes,33,100
1767778244197887,orderbook_update,yes,52,-10
1767778244244287,orderbook_update,yes,33,-100
1767778244244287,orderbook_update,yes,34,100
1767778244642409,orderbook_update,yes,40,5000
1767778244643752,orderbook_update,no,34,5000
1767778244674958,orderbook_update,yes,54,10
1767778244682560,orderbook_update,yes,34,-100
1767778244682560,orderbook_update,yes,41,100
1767778244722476,orderbook_update,yes,41,-100
1767778244722476,orderbook_update,yes,42,100
1767778244783148,orderbook_update,yes,54,-10
1767778244783217,orderbook_update,yes,42,-100
1767778244783217,orderbook_update,yes,43,100
1767778244817311,orderbook_update,yes,43,-100
1767778244817311,orderbook_update,yes,44,100
1767778244854273,orderbook_update,yes,44,-100
1767778244854273,orderbook_update,yes,45,100
1767778244888447,orderbook_update,yes,45,-100
1767778244888447,orderbook_update,yes,46,100
1767778244937742,orderbook_update,yes,54,10
1767778245000000,trade,yes,56,-10
1767778245052019,orderbook_update,yes,54,10
1767778245088187,orderbook_update,yes,46,-100
1767778245088187,orderbook_update,yes,52,100
1767778245116920,orderbook_update,no,44,-10
1767778245150491,orderbook_update,no,44,-90
1767778245154487,orderbook_update,yes,52,-100
1767778245159818,orderbook_update,yes,54,-10
1767778245202713,orderbook_update,yes,54,-10
1767778245312361,orderbook_update,yes,56,10
1767778245421179,orderbook_update,yes,56,-10
1767778245459233,orderbook_update,no,42,100
1767778245459797,orderbook_update,yes,41,100
1767778245492479,orderbook_update,yes,41,-100
1767778245492479,orderbook_update,yes,42,100
1767778245537061,orderbook_update,no,42,-100
1767778245537061,orderbook_update,no,43,100
1767778245540005,orderbook_update,yes,42,-100
1767778245540005,orderbook_update,yes,43,100
1767778245577000,orderbook_update,yes,56,10
1767778245577767,orderbook_update,yes,43,-100
1767778245577767,orderbook_update,yes,44,100
1767778245617074,orderbook_update,yes,44,-100
1767778245617074,orderbook_update,yes,45,100
1767778245677953,orderbook_update,yes,56,-10
1767778245844254,orderbook_update,yes,56,10
1767778245879981,orderbook_update,yes,45,-100
1767778245879981,orderbook_update,yes,46,100
1767778245952199,orderbook_update,yes,56,10
1767778245953125,orderbook_update,yes,56,-10
1767778246061755,orderbook_update,yes,56,-10
1767778246063893,orderbook_update,yes,56,10
1767778246166557,orderbook_update,yes,56,-10
1767778246204756,orderbook_update,no,43,-100
1767778246204756,orderbook_update,no,44,100
1767778247000000,trade,yes,56,-10
1767778247000000,trade,yes,56,-10
1767778247143966,orderbook_update,no,44,-10
1767778247145148,orderbook_update,no,44,-10
1767778247179917,orderbook_update,no,44,-80
1767778247180927,orderbook_update,yes,46,-100
1767778247558865,orderbook_update,no,42,100
1767778247560365,orderbook_update,yes,41,100
1767778247588348,orderbook_update,no,42,-100
1767778247592476,orderbook_update,yes,41,-100
1767778248000000,trade,yes,57,-10
1767778248312301,orderbook_update,yes,31,-200
1767778248312380,orderbook_update,no,43,-10
1767778248617314,orderbook_update,no,42,100
1767778248618547,orderbook_update,yes,41,100
1767778248650642,orderbook_update,no,42,-100
1767778248650642,orderbook_update,no,43,100
1767778248710401,orderbook_update,no,41,-200
1767778248886496,orderbook_update,yes,48,1
1767778249000000,trade,yes,57,-10
1767778249000000,trade,yes,57,-10
1767778249194645,orderbook_update,no,43,3
1767778249220525,orderbook_update,no,43,-10
1767778249411654,orderbook_update,no,43,-10
1767778250000000,trade,yes,57,-10
1767778250000000,trade,yes,57,-3
1767778250020832,orderbook_update,yes,52,-27
1767778250021768,orderbook_update,no,43,-9
1767778250026657,orderbook_update,yes,53,25
1767778250027878,orderbook_update,no,42,42
1767778250510708,orderbook_update,no,43,-10
1767778250546886,orderbook_update,no,43,-90
1767778250548039,orderbook_update,yes,41,-100
1767778250999606,orderbook_update,no,43,-3
1767778250999606,orderbook_update,yes,57,7
1767778251141419,orderbook_update,yes,41,100
1767778251142560,orderbook_update,no,42,100
1767778251171337,orderbook_update,yes,41,-100
1767778251171337,orderbook_update,yes,42,100
1767778251209515,orderbook_update,yes,42,-100
1767778251209515,orderbook_update,yes,43,100
1767778251267729,orderbook_update,yes,43,-100
1767778251267729,orderbook_update,yes,44,100
1767778251301793,orderbook_update,yes,44,-100
1767778251301793,orderbook_update,yes,45,100
1767778251362814,orderbook_update,yes,45,-100
1767778251362814,orderbook_update,yes,46,100
1767778251578341,orderbook_update,yes,39,200
1767778251604942,orderbook_update,yes,57,-7
1767778251621011,orderbook_update,yes,57,10
1767778251763076,orderbook_update,yes,57,10
1767778251799981,orderbook_update,yes,46,-100
1767778251799981,orderbook_update,yes,51,100
1767778251873680,orderbook_update,yes,57,-10
1767778251877639,orderbook_update,yes,57,10
1767778251926386,orderbook_update,no,35,200
1767778251987575,orderbook_update,yes,57,-10
1767778251999829,orderbook_update,yes,57,10
1767778252157859,orderbook_update,yes,51,-100
1767778252157859,orderbook_update,yes,53,100
1767778252256953,orderbook_update,yes,57,10
1767778252259656,orderbook_update,yes,57,-10
1767778252365788,orderbook_update,yes,57,-10
1767778252433537,orderbook_update,yes,57,10
1767778252505976,orderbook_update,yes,57,-10
1767778252751713,orderbook_update,yes,57,-10
1767778254755704,orderbook_update,yes,55,55
1767778254841025,orderbook_update,yes,53,-100
1767778254841025,orderbook_update,yes,52,100
1767778255000000,trade,yes,58,-5
1767778255134059,orderbook_update,no,42,-5
1767778257000000,trade,yes,58,-1
1767778257113506,orderbook_update,yes,39,-200
1767778257208474,orderbook_update,yes,52,-100
1767778257208474,orderbook_update,yes,54,100
1767778257462591,orderbook_update,no,42,-1
1767778257881137,orderbook_update,yes,55,40
1767778257882161,orderbook_update,yes,53,-25
1767778257882714,orderbook_update,no,40,28
1767778257883040,orderbook_update,no,42,-36
1767778257915007,orderbook_update,no,35,-200
1767778258023070,orderbook_update,yes,40,-5000
1767778258166640,orderbook_update,yes,43,5000
1767778258196430,orderbook_update,yes,55,-40
1767778258197774,orderbook_update,no,40,-28
1767778258319942,orderbook_update,no,34,-5000
1767778258325887,orderbook_update,yes,56,36
1767778258327359,orderbook_update,no,39,33
1767778258463554,orderbook_update,no,31,5000
1767778259000000,trade,yes,58,-10
1767778259072422,orderbook_update,no,42,-10
1767778259125546,orderbook_update,yes,54,-100
1767778259127646,orderbook_update,no,42,-90
1767778259392838,orderbook_update,yes,48,1
1767778259588585,orderbook_update,yes,58,10
1767778259665036,orderbook_update,no,32,100
1767778259685775,orderbook_update,yes,56,100
1767778259925022,orderbook_update,yes,40,200
1767778260025444,orderbook_update,yes,58,10
1767778260060243,orderbook_update,no,32,-100
1767778260060243,orderbook_update,no,33,100
1767778260121098,orderbook_update,no,33,-100
1767778260121098,orderbook_update,no,34,100
1767778260177119,orderbook_update,yes,58,-10
1767778260414753,orderbook_update,yes,58,-10
1767778260809879,orderbook_update,no,32,200
1767778261046147,orderbook_update,yes,56,-36
1767778261047044,orderbook_update,no,39,-33
1767778261048759,orderbook_update,yes,55,36
1767778261050329,orderbook_update,no,40,33
1767778261198548,orderbook_update,yes,56,-100
1767778261198548,orderbook_update,yes,54,100
1767778262171198,orderbook_update,yes,54,-100
1767778262171198,orderbook_update,yes,53,100
1767778262437033,orderbook_update,yes,40,-200
1767778262820999,orderbook_update,yes,39,200
1767778263224626,orderbook_update,yes,53,-100
1767778263224626,orderbook_update,yes,52,100
1767778263240647,orderbook_update,no,40,3
1767778263678882,orderbook_update,no,40,-33
1767778263680855,orderbook_update,no,41,18
1767778263690215,orderbook_update,yes,54,38
1767778263690454,orderbook_update,yes,55,-36
1767778263713339,orderbook_update,yes,54,-38
1767778263713886,orderbook_update,no,42,35
1767778263714753,orderbook_update,no,41,-18
1767778263729489,orderbook_update,yes,53,32
1767778263734803,orderbook_update,no,42,-35
1767778263746045,orderbook_update,yes,53,-32
1767778263748924,orderbook_update,yes,52,45
1767778263750114,orderbook_update,no,43,21
1767778263829910,orderbook_update,yes,52,-45
1767778263830825,orderbook_update,no,43,-21
1767778263832826,orderbook_update,yes,51,43
1767778263834016,orderbook_update,no,44,22
1767778263847090,orderbook_update,no,31,-5000
1767778263986578,orderbook_update,no,34,5000
1767778264000000,trade,yes,56,-10
1767778264000000,trade,yes,56,-10
1767778264127814,orderbook_update,yes,43,-5000
1767778264160260,orderbook_update,yes,52,-100
1767778264160260,orderbook_update,yes,50,100
1767778264269453,orderbook_update,yes,39,5000
1767778264296872,orderbook_update,no,44,-10
1767778264403754,orderbook_update,no,44,-10
1767778264486852,orderbook_update,yes,51,-43
1767778264486924,orderbook_update,yes,52,31
1767778264488015,orderbook_update,no,44,-2
1767778264488066,orderbook_update,no,43,35
1767778265531188,orderbook_update,yes,39,-200
1767778266000000,trade,no,55,-3
1767778266312198,orderbook_update,no,32,-200
1767778266679321,orderbook_update,yes,55,-3
1767778267000000,trade,no,55,-10
1767778267444686,orderbook_update,yes,55,-10
1767778267942104,orderbook_update,yes,48,34
1767778269160135,orderbook_update,no,40,-3
1767778271660789,orderbook_update,yes,52,-31
1767778271660813,orderbook_update,yes,53,25
1767778271662573,orderbook_update,no,42,42
1767778271662595,orderbook_update,no,43,-35
1767778271674110,orderbook_update,yes,53,-25
1767778271676023,orderbook_update,no,42,-42
1767778271686177,orderbook_update,yes,56,29
1767778271687489,orderbook_update,no,39,42
1767778271712695,orderbook_update,yes,57,26
1767778271714138,orderbook_update,no,38,45
1767778271718728,orderbook_update,yes,56,-29
1767778271720041,orderbook_update,no,39,-42
1767778271800001,orderbook_update,yes,39,-5000
1767778271885240,orderbook_update,yes,50,-100
1767778271885240,orderbook_update,yes,51,100
1767778271907246,orderbook_update,no,34,-100
1767778271907246,orderbook_update,no,39,100
1767778271937738,orderbook_update,yes,42,5000
1767778271943106,orderbook_update,no,39,-100
1767778271943106,orderbook_update,no,40,100
1767778272082814,orderbook_update,no,34,-5000
1767778272134905,orderbook_update,yes,51,-100
1767778272134905,orderbook_update,yes,54,100
1767778272229444,orderbook_update,no,31,5000
1767778273000000,trade,no,57,-4
1767778273150368,orderbook_update,yes,54,-100
1767778273150368,orderbook_update,yes,55,100
1767778273344595,orderbook_update,yes,57,-4
1767778273372138,orderbook_update,yes,57,6
1767778275000000,trade,no,57,-6
1767778275296888,orderbook_update,yes,57,-22
1767778275297566,orderbook_update,yes,56,21
1767778275297784,orderbook_update,no,38,-45
1767778275298795,orderbook_update,no,39,50
1767778275320452,orderbook_update,yes,56,-21
1767778275321078,orderbook_update,no,39,-50
1767778275738034,orderbook_update,yes,55,25
1767778275738923,orderbook_update,no,40,44
1767778275746552,orderbook_update,yes,55,-25
1767778275747949,orderbook_update,no,40,-44
1767778275766329,orderbook_update,yes,54,46
1767778275767176,orderbook_update,no,41,22
1767778275793606,orderbook_update,yes,54,-46
1767778275794626,orderbook_update,yes,52,38
1767778275795575,orderbook_update,no,41,-22
1767778275796452,orderbook_update,yes,57,-6
1767778275796452,orderbook_update,no,43,22
1767778275931219,orderbook_update,yes,42,-5000
1767778275932725,orderbook_update,no,31,-5000
1767778276072816,orderbook_update,no,35,5000
1767778276157097,orderbook_update,yes,55,-100
1767778276157097,orderbook_update,yes,53,100
1767778277185698,orderbook_update,yes,53,-100
1767778277185698,orderbook_update,yes,51,100
1767778277839950,orderbook_update,yes,39,5000
1767778278000000,trade,yes,57,-17
1767778278519313,orderbook_update,no,43,-17
1767778278670468,orderbook_update,yes,52,-38
1767778278671234,orderbook_update,yes,53,28
1767778278672177,orderbook_update,no,43,-5
1767778278672261,orderbook_update,no,42,39
1767778280000000,trade,no,55,-35
1767778280230658,orderbook_update,no,10,13
1767778280671974,orderbook_update,yes,52,30
1767778280672936,orderbook_update,no,43,36
1767778280675217,orderbook_update,yes,53,-28
1767778280676549,orderbook_update,no,42,-39
1767778280747424,orderbook_update,yes,50,29
1767778280747562,orderbook_update,yes,52,-30
1767778280748864,orderbook_update,yes,55,-35
1767778280749088,orderbook_update,no,43,-36
1767778280769826,orderbook_update,no,44,33
1767778280770127,orderbook_update,yes,50,-29
1767778280788287,orderbook_update,yes,51,32
1767778280881296,orderbook_update,yes,39,-5000
1767778280882200,orderbook_update,no,35,-5000
1767778281000000,trade,no,55,-1
1767778281028575,orderbook_update,yes,36,5000
1767778281030126,orderbook_update,no,38,5000
1767778281166239,orderbook_update,yes,51,-100
1767778281166239,orderbook_update,yes,49,100
1767778281908071,orderbook_update,yes,55,-1
1767778282000000,trade,no,55,-1
1767778282000000,trade,no,55,-1
1767778282000000,trade,no,55,-1
1767778282172028,orderbook_update,yes,49,-100
1767778282172028,orderbook_update,yes,48,100
1767778282224440,orderbook_update,yes,55,-1
1767778282552526,orderbook_update,yes,55,-1
1767778282892480,orderbook_update,yes,55,-1
1767778283000000,trade,no,55,-1
1767778283000000,trade,no,55,-2
1767778283000000,trade,no,48,-1
1767778283000000,trade,no,48,-1
1767778283000000,trade,no,48,-22
1767778283000000,trade,no,48,-12
1767778283000000,trade,no,48,-2
1767778283000000,trade,no,48,-32
1767778283000000,trade,yes,44,-5
1767778283000000,trade,yes,44,-13
1767778283164093,orderbook_update,yes,37,200
1767778283241166,orderbook_update,yes,55,-1
1767778283274518,orderbook_update,no,44,14
1767778283291336,orderbook_update,yes,50,35
1767778283292983,orderbook_update,yes,55,-2
1767778283292983,orderbook_update,no,45,27
1767778283293238,orderbook_update,yes,51,-32
1767778283293991,orderbook_update,no,44,-33
1767778283304590,orderbook_update,yes,50,-35
1767778283305489,orderbook_update,no,45,-27
1767778283316052,orderbook_update,no,40,-100
1767778283316052,orderbook_update,no,44,100
1767778283323846,orderbook_update,yes,43,37
1767778283325471,orderbook_update,yes,48,-1
1767778283325471,orderbook_update,yes,48,-1
1767778283325471,orderbook_update,yes,48,-22
1767778283335805,orderbook_update,yes,48,-12
1767778283335805,orderbook_update,yes,48,-2
1767778283336747,orderbook_update,yes,43,-37
1767778283348360,orderbook_update,no,44,-100
1767778283348360,orderbook_update,no,41,100
1767778283361493,orderbook_update,no,46,1
1767778283383004,orderbook_update,yes,48,-32
1767778283391242,orderbook_update,yes,48,-66
1767778283393439,orderbook_update,no,52,17
1767778283399341,orderbook_update,no,41,-100
1767778283424144,orderbook_update,yes,42,24
1767778283424377,orderbook_update,no,52,-17
1767778283425782,orderbook_update,no,53,34
1767778283427938,orderbook_update,yes,36,-5000
1767778283429283,orderbook_update,no,38,-5000
1767778283436790,orderbook_update,yes,42,-24
1767778283438033,orderbook_update,no,53,-34
1767778283470467,orderbook_update,yes,41,31
1767778283471866,orderbook_update,no,54,27
1767778283534196,orderbook_update,yes,39,37
1767778283534565,orderbook_update,yes,41,-31
1767778283535318,orderbook_update,no,54,-27
1767778283535733,orderbook_update,no,56,21
1767778283568065,orderbook_update,yes,33,5000
1767778283569033,orderbook_update,no,42,5000
1767778283622893,orderbook_update,no,56,-5
1767778283655293,orderbook_update,no,43,100
1767778283675814,orderbook_update,yes,38,100
1767778283702117,orderbook_update,no,43,-100
1767778283705850,orderbook_update,yes,38,-100
1767778283711671,orderbook_update,yes,33,-5000
1767778283712775,orderbook_update,no,42,-5000
1767778283862254,orderbook_update,no,56,-13
1767778283879255,orderbook_update,yes,40,22
1767778283880472,orderbook_update,yes,39,-37
1767778283881030,orderbook_update,no,55,34
1767778283881821,orderbook_update,no,56,-3
1767778283931803,orderbook_update,no,45,100
1767778283933741,orderbook_update,yes,38,100
1767778283935541,orderbook_update,no,39,200
1767778283959676,orderbook_update,no,45,-100
1767778283959676,orderbook_update,no,2,100
1767778283993169,orderbook_update,yes,38,-100
1767778283993169,orderbook_update,yes,39,100
1767778283994808,orderbook_update,no,2,-100
1767778283994808,orderbook_update,no,45,100
1767778284000000,trade,yes,45,-10
1767778284000000,trade,yes,45,-5
1767778284000000,trade,yes,45,-10
1767778284000000,trade,no,44,-10
1767778284278050,orderbook_update,no,45,-100
1767778284278050,orderbook_update,no,46,100
1767778284278984,orderbook_update,yes,39,-100
1767778284278984,orderbook_update,yes,40,100
1767778284289127,orderbook_update,no,55,-10
1767778284583895,orderbook_update,yes,44,10
1767778284662180,orderbook_update,yes,44,1
1767778284691982,orderbook_update,no,55,-5
1767778284722945,orderbook_update,no,55,-10
1767778284859671,orderbook_update,yes,44,-10
1767778285000000,trade,yes,45,-9
1767778285138811,orderbook_update,yes,40,-100
1767778285138811,orderbook_update,yes,38,100
1767778285209544,orderbook_update,yes,44,10
1767778285660465,orderbook_update,yes,22,5000
1767778285661719,orderbook_update,no,52,5000
1767778285681520,orderbook_update,no,55,-9
1767778285681520,orderbook_update,yes,45,1
1767778285695426,orderbook_update,yes,45,2
1767778285698550,orderbook_update,yes,42,29
1767778285699521,orderbook_update,no,53,26
1767778285700586,orderbook_update,yes,40,-22
1767778285704204,orderbook_update,no,46,-100
1767778285704204,orderbook_update,no,53,100
1767778285754055,orderbook_update,yes,44,-10
1767778285761956,orderbook_update,no,53,-100
1767778285761956,orderbook_update,no,54,100
1767778285979249,orderbook_update,yes,37,-200
1767778286000000,trade,no,45,-2
1767778286000000,trade,no,45,-3
1767778286168714,orderbook_update,yes,38,-100
1767778286168714,orderbook_update,yes,36,100
1767778286295882,orderbook_update,yes,45,-1
1767778286355476,orderbook_update,yes,45,10
1767778286409909,orderbook_update,yes,19,200
1767778286712593,orderbook_update,no,39,-200
1767778286960166,orderbook_update,yes,45,-2
1767778286960166,orderbook_update,yes,45,-3
1767778287000000,trade,yes,46,-10
1767778287233015,orderbook_update,no,54,-10
1767778287267375,orderbook_update,yes,36,-100
1767778287286116,orderbook_update,no,54,-90
1767778287309540,orderbook_update,yes,45,-7
1767778287576937,orderbook_update,yes,23,100
1767778287580273,orderbook_update,no,53,100
1767778287591591,orderbook_update,no,53,200
1767778287633072,orderbook_update,no,53,-100
1767778287633072,orderbook_update,no,54,100
1767778287687573,orderbook_update,no,54,-100
1767778287687573,orderbook_update,no,55,100
1767778288540254,orderbook_update,no,10,76
1767778288710464,orderbook_update,yes,19,-200
1767778289000000,trade,no,44,-1
1767778289119706,orderbook_update,yes,44,-1
1767778289252386,orderbook_update,no,55,-100
1767778289252386,orderbook_update,no,56,100
1767778289261713,orderbook_update,no,44,-14
1767778290709635,orderbook_update,no,53,-200
1767778291000000,trade,yes,44,-12
1767778291000000,trade,yes,44,-21
1767778291000000,trade,yes,44,-43
1767778291223381,orderbook_update,yes,42,-29
1767778291224188,orderbook_update,no,53,-26
1767778291225595,orderbook_update,no,56,-12
1767778291227004,orderbook_update,no,52,13
1767778291231328,orderbook_update,no,56,-21
1767778291239575,orderbook_update,no,52,-13
1767778291248671,orderbook_update,no,56,-43
1767778291279368,orderbook_update,yes,23,-100
1767778291281608,orderbook_update,no,56,-24
1767778291293957,orderbook_update,yes,44,19
1767778291294955,orderbook_update,no,51,41
1767778291294958,orderbook_update,yes,44,10
1767778291380343,orderbook_update,yes,22,-5000
1767778291381588,orderbook_update,no,52,-5000
1767778291521588,orderbook_update,yes,25,5000
1767778291523088,orderbook_update,no,49,5000
1767778291763821,orderbook_update,yes,26,100
1767778291783992,orderbook_update,no,52,100
1767778291791700,orderbook_update,yes,26,-100
1767778291810148,orderbook_update,no,52,-100
1767778291886248,orderbook_update,yes,44,10
1767778292037846,orderbook_update,yes,44,-10
1767778292078615,orderbook_update,yes,26,100
1767778292094337,orderbook_update,no,52,100
1767778292121312,orderbook_update,no,52,-100
1767778292125645,orderbook_update,yes,26,-100
1767778292327195,orderbook_update,yes,25,200
1767778292401008,orderbook_update,yes,44,-10
1767778293000000,trade,yes,47,-10
1767778293148650,orderbook_update,no,52,100
1767778293170346,orderbook_update,yes,26,100
1767778293174709,orderbook_update,no,52,-100
1767778293174709,orderbook_update,no,50,100
1767778293204476,orderbook_update,no,50,-100
1767778293204476,orderbook_update,no,53,100
1767778293229725,orderbook_update,no,50,200
1767778293458080,orderbook_update,no,53,-10
1767778293492204,orderbook_update,no,53,-90
1767778293510203,orderbook_update,yes,26,-100
1767778293545683,orderbook_update,no,51,22
1767778293794404,orderbook_update,no,52,100
1767778293810637,orderbook_update,yes,26,100
1767778293839344,orderbook_update,no,52,-100
1767778293839344,orderbook_update,no,51,100
1767778293873851,orderbook_update,no,51,-100
1767778293873851,orderbook_update,no,52,100
1767778293915419,orderbook_update,no,52,-100
1767778293915419,orderbook_update,no,53,100
1767778294175501,orderbook_update,no,55,5
1767778294193059,orderbook_update,no,53,-100
1767778294193059,orderbook_update,no,54,100
1767778294193122,orderbook_update,yes,26,-100
1767778294193122,orderbook_update,yes,27,100
1767778294222331,orderbook_update,yes,27,-100
1767778294222331,orderbook_update,yes,28,100
1767778295000000,trade,yes,45,-5
1767778295000000,trade,yes,45,-5
1767778295127871,orderbook_update,no,54,-100
1767778295127871,orderbook_update,no,55,100
1767778295542547,orderbook_update,no,55,-5
1767778295542547,orderbook_update,no,55,-5
1767778295577608,orderbook_update,no,55,-95
1767778295577854,orderbook_update,yes,28,-100
1767778295781694,orderbook_update,yes,26,100
1767778295784294,orderbook_update,no,52,100
1767778295821357,orderbook_update,no,52,-100
1767778295821357,orderbook_update,no,53,100
1767778295861345,orderbook_update,no,53,-100
1767778295861345,orderbook_update,no,54,100
1767778295930143,orderbook_update,no,54,-100
1767778295930143,orderbook_update,no,55,100
1767778296000000,trade,yes,45,-9
1767778296311698,orderbook_update,yes,25,-200
1767778296729527,orderbook_update,no,55,-9
1767778296764663,orderbook_update,yes,26,-100
1767778296765330,orderbook_update,no,55,-91
1767778297010221,orderbook_update,yes,26,100
1767778297010484,orderbook_update,no,52,100
1767778297037317,orderbook_update,no,52,-100
1767778297037317,orderbook_update,no,51,100
1767778297067093,orderbook_update,no,51,-100
1767778297067093,orderbook_update,no,52,100
1767778297096990,orderbook_update,no,52,-100
1767778297096990,orderbook_update,no,53,100
1767778297140797,orderbook_update,no,53,-100
1767778297140797,orderbook_update,no,54,100
1767778297679976,orderbook_update,no,46,-1
1767778297928767,orderbook_update,yes,23,200
1767778298000000,trade,yes,47,-39
1767778298131286,orderbook_update,yes,26,-100
1767778298131286,orderbook_update,yes,27,100
1767778298132263,orderbook_update,no,54,-100
1767778298132263,orderbook_update,no,53,100
1767778298133580,orderbook_update,yes,46,10
1767778298234163,orderbook_update,no,53,-39
1767778298271902,orderbook_update,yes,27,-100
1767778298292653,orderbook_update,no,53,-61
1767778298623510,orderbook_update,yes,26,100
1767778298623698,orderbook_update,no,52,100
1767778298633973,orderbook_update,yes,46,10
1767778298637754,orderbook_update,yes,46,-10
1767778298654487,orderbook_update,no,52,-100
1767778298654487,orderbook_update,no,51,100
1767778298655875,orderbook_update,yes,26,-100
1767778298655875,orderbook_update,yes,27,100
1767778298682680,orderbook_update,no,51,-100
1767778298682680,orderbook_update,no,52,100
1767778299000000,trade,no,46,-10
1767778299000000,trade,no,44,-19
1767778299000000,trade,no,27,-4
1767778299064178,orderbook_update,no,51,-41
1767778299064751,orderbook_update,no,52,14
1767778299172154,orderbook_update,yes,46,10
1767778299260690,orderbook_update,yes,46,-10
1767778299380542,orderbook_update,yes,46,-10
1767778299380542,orderbook_update,yes,44,-19
1767778299380542,orderbook_update,yes,27,-4
1767778299415108,orderbook_update,yes,27,-96
1767778299416630,orderbook_update,no,52,-100
1767778299436156,orderbook_update,yes,43,27
1767778299459049,orderbook_update,no,51,-22
1767778299648355,orderbook_update,no,51,100
1767778299650669,orderbook_update,yes,26,100
1767778299683103,orderbook_update,yes,26,-100
1767778299683103,orderbook_update,yes,27,100
1767778299725479,orderbook_update,yes,27,-100
1767778299725479,orderbook_update,yes,28,100
1767778300146740,orderbook_update,no,51,-100
1767778300146740,orderbook_update,no,52,100
1767778300389079,orderbook_update,no,52,-100
1767778300389079,orderbook_update,no,53,100
1767778301132920,orderbook_update,no,53,-100
1767778301132920,orderbook_update,no,54,100
1767778301511361,orderbook_update,yes,23,-200
1767778301954140,orderbook_update,no,54,2
1767778302322857,orderbook_update,yes,25,200
1767778302686724,orderbook_update,yes,42,36
1767778302686907,orderbook_update,yes,43,-27
1767778302688270,orderbook_update,no,52,-14
1767778302688393,orderbook_update,no,53,24
1767778303577390,orderbook_update,no,54,20
1767778304710728,orderbook_update,yes,25,-200
1767778305912538,orderbook_update,no,50,-200
1767778307954305,orderbook_update,yes,42,-36
1767778307954336,orderbook_update,yes,41,44
1767778307955336,orderbook_update,no,53,-24
1767778307955944,orderbook_update,no,54,17
1767778307968864,orderbook_update,yes,41,-44
1767778307969844,orderbook_update,no,54,-17
1767778307986710,orderbook_update,yes,40,43
1767778307988212,orderbook_update,no,55,17
1767778308105302,orderbook_update,no,49,-5000
1767778308145756,orderbook_update,yes,38,45
1767778308145836,orderbook_update,yes,40,-43
1767778308147145,orderbook_update,no,57,15
1767778308147482,orderbook_update,no,55,-17
1767778308174255,orderbook_update,yes,28,-100
1767778308174255,orderbook_update,yes,38,100
1767778308190789,orderbook_update,no,54,-100
1767778308190789,orderbook_update,no,55,100
1767778308247899,orderbook_update,no,52,5000
1767778308388927,orderbook_update,yes,25,-5000
1767778309167182,orderbook_update,yes,38,-100
1767778309167182,orderbook_update,yes,36,100
1767778309189600,orderbook_update,no,55,-100
1767778309189600,orderbook_update,no,56,100
1767778309561155,orderbook_update,no,54,-20
1767778309581144,orderbook_update,yes,18,200
1767778309925727,orderbook_update,no,53,200
1767778310298095,orderbook_update,yes,20,5000
1767778311000000,trade,no,38,-15
1767778311435328,orderbook_update,yes,38,-15
1767778311538230,orderbook_update,yes,18,-200
1767778312012883,orderbook_update,yes,38,-30
1767778312013688,orderbook_update,no,57,-15
1767778312015918,orderbook_update,yes,37,40
1767778312016913,orderbook_update,no,58,22
1767778312150570,orderbook_update,yes,36,-100
1767778312150570,orderbook_update,yes,35,100
1767778312158005,orderbook_update,no,52,-5000
1767778312299273,orderbook_update,no,55,5000
1767778313000000,trade,yes,42,-5
1767778313802196,orderbook_update,no,58,17
1767778313943160,orderbook_update,no,58,-5
1767778313955035,orderbook_update,no,59,15
1767778313956043,orderbook_update,no,58,-17
1767778313956698,orderbook_update,yes,36,42
1767778313957001,orderbook_update,yes,37,-40
1767778314000000,trade,yes,41,-15
1767778314000000,trade,yes,42,-6
1767778314059748,orderbook_update,no,59,-15
1767778314059748,orderbook_update,no,58,-6
1767778314162441,orderbook_update,yes,36,-42
1767778314165134,orderbook_update,yes,37,24
1767778314166654,orderbook_update,no,58,36
1767778314188654,orderbook_update,yes,35,-100
1767778314188654,orderbook_update,yes,33,100
1767778314217801,orderbook_update,no,56,-100
1767778314217801,orderbook_update,no,59,100
1767778314325387,orderbook_update,yes,19,200
1767778316000000,trade,yes,41,-10
1767778316144424,orderbook_update,no,59,-10
1767778316195582,orderbook_update,no,59,-90
1767778316197562,orderbook_update,yes,33,-100
1767778316668903,orderbook_update,no,58,100
1767778316690492,orderbook_update,yes,21,100
1767778316712368,orderbook_update,yes,19,-200
1767778316747209,orderbook_update,yes,21,-100
1767778316747209,orderbook_update,yes,22,100
1767778316785779,orderbook_update,yes,22,-100
1767778316785779,orderbook_update,yes,23,100
1767778317529084,orderbook_update,yes,18,200
1767778319111430,orderbook_update,no,53,-200
1767778319852229,orderbook_update,no,58,-11
1767778319934877,orderbook_update,no,56,200
1767778320546552,orderbook_update,yes,37,-24
1767778320547222,orderbook_update,yes,38,29
1767778320547634,orderbook_update,no,58,-36
1767778320548671,orderbook_update,no,57,31
1767778321132875,orderbook_update,no,58,-100
1767778321132875,orderbook_update,no,57,100
1767778321672574,orderbook_update,yes,18,-200
1767778322026183,orderbook_update,no,56,-200
1767778322832614,orderbook_update,yes,24,35
1767778322897118,orderbook_update,yes,23,-100
1767778322897118,orderbook_update,yes,25,100
1767778322950929,orderbook_update,no,58,35
1767778322956692,orderbook_update,yes,25,-100
1767778322956692,orderbook_update,yes,26,100
1767778323001520,orderbook_update,yes,26,-100
1767778323001520,orderbook_update,yes,27,100
1767778323060894,orderbook_update,yes,27,-100
1767778323060894,orderbook_update,yes,28,100
1767778323067069,orderbook_update,yes,24,-35
1767778323067069,orderbook_update,yes,26,35
1767778323254222,orderbook_update,yes,35,5
1767778323755808,orderbook_update,yes,26,-35
1767778323755808,orderbook_update,yes,21,35
1767778324150951,orderbook_update,no,58,17
1767778324364643,orderbook_update,no,59,5
1767778325000000,trade,yes,41,-5
1767778325000000,trade,yes,42,-5
1767778325434200,orderbook_update,no,59,-5
1767778325434200,orderbook_update,no,58,-5
1767778325569996,orderbook_update,yes,41,10
1767778325834046,orderbook_update,no,58,-30
1767778326018682,orderbook_update,yes,41,10
1767778326080230,orderbook_update,yes,41,-10
1767778326156209,orderbook_update,yes,28,-100
1767778326156209,orderbook_update,yes,36,100
1767778326403345,orderbook_update,no,57,-100
1767778326403345,orderbook_update,no,55,100
1767778326600704,orderbook_update,yes,41,-10
1767778326725154,orderbook_update,yes,21,200
1767778327162189,orderbook_update,no,51,200
1767778327203683,orderbook_update,no,55,-100
1767778327203683,orderbook_update,no,57,100
1767778327213141,orderbook_update,yes,21,-35
1767778327213141,orderbook_update,yes,22,35
1767778327696551,orderbook_update,no,58,35
1767778330000000,trade,yes,42,-10
1767778330175758,orderbook_update,no,57,-100
1767778330175758,orderbook_update,no,55,100
1767778330177557,orderbook_update,yes,36,-100
1767778330177557,orderbook_update,yes,37,100
1767778330181361,orderbook_update,no,58,-17
1767778330229968,orderbook_update,yes,37,-100
1767778330229968,orderbook_update,yes,38,100
1767778330380618,orderbook_update,yes,39,14
1767778330382126,orderbook_update,yes,38,-29
1767778330383821,orderbook_update,no,56,39
1767778330387535,orderbook_update,no,57,-31
1767778330393534,orderbook_update,yes,39,-14
1767778330395295,orderbook_update,no,56,-39
1767778330411548,orderbook_update,yes,41,19
1767778330431429,orderbook_update,no,54,40
1767778330526568,orderbook_update,yes,20,-5000
1767778330528238,orderbook_update,no,55,-5000
1767778330620963,orderbook_update,no,58,-10
1767778330668306,orderbook_update,yes,23,5000
1767778330670454,orderbook_update,no,51,5000
1767778331057864,orderbook_update,yes,22,-35
1767778331057864,orderbook_update,yes,24,35
1767778331216637,orderbook_update,no,58,-25
1767778331349695,orderbook_update,no,55,-100
1767778331349695,orderbook_update,no,54,100
1767778331352853,orderbook_update,yes,38,-100
1767778331352853,orderbook_update,yes,39,100
1767778331512537,orderbook_update,yes,21,-200
1767778331550089,orderbook_update,yes,43,21
1767778332406378,orderbook_update,yes,35,-5
1767778332711867,orderbook_update,no,51,-200
1767778332975941,orderbook_update,no,55,35
1767778333140953,orderbook_update,yes,39,-100
1767778333140953,orderbook_update,yes,40,100
1767778334000000,trade,yes,45,-10
1767778334332874,orderbook_update,no,55,-10
1767778334377713,orderbook_update,no,55,19
1767778334393287,orderbook_update,yes,43,20
1767778334394189,orderbook_update,no,52,40
1767778334394763,orderbook_update,yes,41,-19
1767778334396285,orderbook_update,no,54,-40
1767778334407326,orderbook_update,yes,24,200
1767778334671750,orderbook_update,no,55,-25
1767778334716212,orderbook_update,yes,42,1
1767778335000000,trade,yes,45,-10
1767778335000000,trade,yes,45,-9
1767778335000000,trade,yes,46,-2
1767778335081556,orderbook_update,no,54,-100
1767778335081556,orderbook_update,no,52,100
1767778335110764,orderbook_update,no,55,-10
1767778335136236,orderbook_update,yes,44,14
1767778335136299,orderbook_update,yes,43,-20
1767778335137781,orderbook_update,no,52,-40
1767778335138051,orderbook_update,no,51,46
1767778335168159,orderbook_update,yes,23,-5000
1767778335168930,orderbook_update,no,51,-5000
1767778335311097,orderbook_update,yes,26,5000
1767778335312593,orderbook_update,no,48,5000
1767778335437509,orderbook_update,yes,24,-35
1767778335437509,orderbook_update,yes,25,35
1767778335493471,orderbook_update,no,55,-9
1767778335493471,orderbook_update,no,54,-2
1767778335493471,orderbook_update,yes,47,19
1767778335493635,orderbook_update,yes,44,-14
1767778335494400,orderbook_update,no,51,-46
1767778335494595,orderbook_update,no,48,32
1767778335559254,orderbook_update,no,49,200
1767778335630594,orderbook_update,yes,26,-5000
1767778335632044,orderbook_update,no,48,-5000
1767778335647321,orderbook_update,yes,42,1
1767778336320767,orderbook_update,yes,40,-100
1767778336320767,orderbook_update,yes,44,100
1767778336342924,orderbook_update,no,52,-100
1767778336342924,orderbook_update,no,49,100
1767778336461953,orderbook_update,yes,45,10
1767778336585363,orderbook_update,no,52,35
1767778336590128,orderbook_update,yes,43,-21
1767778336907033,orderbook_update,no,52,-35
1767778336907033,orderbook_update,no,50,35
1767778337002565,orderbook_update,yes,45,-10
1767778337004088,orderbook_update,yes,48,10
1767778337442197,orderbook_update,yes,44,29
1767778337443354,orderbook_update,yes,47,-19
1767778337443493,orderbook_update,no,51,31
1767778337444561,orderbook_update,no,48,-32
1767778337513099,orderbook_update,yes,24,-200
1767778337550239,orderbook_update,yes,48,10
1767778337619884,orderbook_update,yes,48,-10
1767778337908544,orderbook_update,no,47,5000
1767778337926001,orderbook_update,yes,28,200
1767778337953924,orderbook_update,yes,48,-10
1767778338000000,trade,no,48,-10
1767778338023586,orderbook_update,yes,44,5
1767778338160196,orderbook_update,yes,44,-100
1767778338160196,orderbook_update,yes,42,100
1767778338180807,orderbook_update,no,49,-100
1767778338180807,orderbook_update,no,51,100
1767778338287697,orderbook_update,yes,48,10
1767778338476883,orderbook_update,yes,44,-29
1767778338478336,orderbook_update,no,51,-31
1767778338479415,orderbook_update,yes,43,41
1767778338480577,orderbook_update,yes,48,-10
1767778338480577,orderbook_update,no,52,10
1767778338491304,orderbook_update,yes,43,-41
1767778338493045,orderbook_update,no,52,-10
1767778338582348,orderbook_update,yes,42,45
1767778338584366,orderbook_update,no,53,15
1767778338595971,orderbook_update,yes,42,-45
1767778338597363,orderbook_update,no,53,-15
1767778338604977,orderbook_update,yes,41,21
1767778338618257,orderbook_update,no,54,38
1767778338722533,orderbook_update,no,47,-5000
1767778338867432,orderbook_update,no,51,5000
1767778339000000,trade,yes,43,-10
1767778339114797,orderbook_update,yes,44,-5
1767778339143656,orderbook_update,yes,38,40
1767778339144753,orderbook_update,no,57,20
1767778339145220,orderbook_update,yes,41,-21
1767778339146556,orderbook_update,no,54,-38
1767778339161045,orderbook_update,no,51,-100
1767778339161045,orderbook_update,no,52,100
1767778339180556,orderbook_update,yes,42,-100
1767778339180556,orderbook_update,yes,39,100
1767778339212244,orderbook_update,no,57,-10
1767778339290703,orderbook_update,no,51,-5000
1767778339418390,orderbook_update,yes,39,17
1767778339419361,orderbook_update,no,56,42
1767778339421115,orderbook_update,yes,38,-40
1767778339422097,orderbook_update,no,57,-10
1767778339460036,orderbook_update,yes,25,-35
1767778339460036,orderbook_update,yes,29,35
1767778339462216,orderbook_update,no,50,-35
1767778339462216,orderbook_update,no,55,35
1767778339510884,orderbook_update,no,49,-200
1767778339924710,orderbook_update,no,44,200
1767778340158173,orderbook_update,yes,36,5
1767778340173562,orderbook_update,no,52,-100
1767778340173562,orderbook_update,no,56,100
1767778340173720,orderbook_update,yes,39,-100
1767778340173720,orderbook_update,yes,37,100
1767778340497283,orderbook_update,no,55,-35
1767778340497283,orderbook_update,no,57,35
1767778340899675,orderbook_update,yes,39,-17
1767778340899947,orderbook_update,yes,40,32
1767778340901689,orderbook_update,no,55,27
1767778340901705,orderbook_update,no,56,-42
1767778341185085,orderbook_update,yes,22,5000
1767778341186471,orderbook_update,no,52,5000
1767778341513360,orderbook_update,yes,28,-200
1767778341907462,orderbook_update,no,44,-200
1767778342732721,orderbook_update,yes,29,-35
1767778342732721,orderbook_update,yes,23,35
1767778344000000,trade,yes,43,-10
1767778344537229,orderbook_update,no,57,-10
1767778344734201,orderbook_update,no,57,18
1767778344742968,orderbook_update,no,57,-25
1767778346661849,orderbook_update,no,57,35
1767778347000000,trade,no,42,-1
1767778347000000,trade,no,42,-1
1767778347000000,trade,no,37,-19
1767778347000000,trade,no,36,-5
1767778347000000,trade,yes,37,-5
1767778347596002,orderbook_update,yes,40,-32
1767778347596177,orderbook_update,yes,26,13
1767778347597151,orderbook_update,no,55,-27
1767778347597597,orderbook_update,yes,42,-1
1767778347597597,orderbook_update,yes,42,-1
1767778347597597,orderbook_update,yes,37,-19
1767778347609485,orderbook_update,yes,26,-13
1767778347616393,orderbook_update,no,62,12
1767778347626130,orderbook_update,no,62,-12
1767778347633580,orderbook_update,yes,34,16
1767778347635603,orderbook_update,no,61,42
1767778347647939,orderbook_update,yes,34,-16
1767778347649115,orderbook_update,no,61,-42
1767778347652050,orderbook_update,yes,33,25
1767778347654757,orderbook_update,yes,37,-81
1767778347655339,orderbook_update,no,56,-100
1767778347685988,orderbook_update,yes,33,-25
1767778347686755,orderbook_update,yes,32,37
1767778347687683,orderbook_update,no,63,24
1767778347708097,orderbook_update,yes,32,-37
1767778347708867,orderbook_update,no,63,-24
1767778347709759,orderbook_update,no,62,35
1767778347712749,orderbook_update,yes,22,-5000
1767778347714275,orderbook_update,no,52,-5000
1767778347718080,orderbook_update,yes,33,25
1767778347765294,orderbook_update,yes,30,38
1767778347766403,orderbook_update,yes,33,-25
1767778347767110,orderbook_update,yes,36,-5
1767778347767110,orderbook_update,no,65,20
1767778347768454,orderbook_update,no,62,-35
1767778347787390,orderbook_update,yes,30,-38
1767778347804579,orderbook_update,yes,31,11
1767778347843590,orderbook_update,yes,32,41
1767778347844441,orderbook_update,no,63,19
1767778347851631,orderbook_update,yes,31,-11
1767778347852986,orderbook_update,no,65,-20
1767778347905658,orderbook_update,no,63,-5
1767778347937924,orderbook_update,yes,33,10
1767778347938993,orderbook_update,yes,32,-41
1767778347976111,orderbook_update,no,58,100
1767778347976456,orderbook_update,yes,33,100
1767778348000000,trade,yes,37,-10
1767778348000000,trade,yes,38,-20
1767778348006156,orderbook_update,yes,33,-100
1767778348006156,orderbook_update,yes,2,100
1767778348007466,orderbook_update,no,58,-100
1767778348007466,orderbook_update,no,11,100
1767778348034987,orderbook_update,yes,2,-100
1767778348034987,orderbook_update,yes,34,100
1767778348060253,orderbook_update,no,11,-100
1767778348060253,orderbook_update,no,58,100
1767778348170464,orderbook_update,no,57,-35
1767778348170464,orderbook_update,no,12,35
1767778348171381,orderbook_update,yes,23,-35
1767778348171381,orderbook_update,yes,2,35
1767778348182650,orderbook_update,no,58,-100
1767778348182650,orderbook_update,no,59,100
1767778348243357,orderbook_update,no,59,-100
1767778348243357,orderbook_update,no,60,100
1767778348314419,orderbook_update,no,12,-35
1767778348314419,orderbook_update,no,60,35
1767778348337301,orderbook_update,no,63,-10
1767778348509962,orderbook_update,no,60,-35
1767778348509962,orderbook_update,no,61,35
1767778348540960,orderbook_update,yes,35,10
1767778348554518,orderbook_update,no,63,-4
1767778348555626,orderbook_update,no,62,37
1767778348636656,orderbook_update,no,62,-20
1767778348725512,orderbook_update,yes,17,200
1767778348901096,orderbook_update,no,64,1
1767778348940287,orderbook_update,yes,35,-10
1767778348959204,orderbook_update,yes,33,-10
1767778348960031,orderbook_update,no,62,-17
1767778348961943,orderbook_update,yes,34,35
1767778348962757,orderbook_update,no,61,21
1767778349116334,orderbook_update,yes,2,-35
1767778349116334,orderbook_update,yes,18,35
1767778349158726,orderbook_update,yes,35,10
1767778349178397,orderbook_update,no,60,-100
1767778349178397,orderbook_update,no,62,100
1767778349179096,orderbook_update,yes,34,-100
1767778349179096,orderbook_update,yes,32,100
1767778349281803,orderbook_update,yes,32,5
1767778349424317,orderbook_update,yes,26,1
1767778349551295,orderbook_update,yes,35,-10
1767778349607251,orderbook_update,no,55,200
1767778349808271,orderbook_update,yes,12,5000
1767778349809280,orderbook_update,no,60,5000
1767778350000000,trade,yes,36,-1
1767778350128708,orderbook_update,yes,32,-5
1767778350582222,orderbook_update,no,64,-1
1767778350582222,orderbook_update,yes,36,9
1767778350685512,orderbook_update,no,57,-18
1767778350713820,orderbook_update,no,61,-35
1767778350713820,orderbook_update,no,63,35
1767778350976570,orderbook_update,yes,36,-9
1767778351000000,trade,yes,37,-12
1767778351027808,orderbook_update,no,63,-12
1767778351159882,orderbook_update,yes,32,-100
1767778351159882,orderbook_update,yes,31,100
1767778351182125,orderbook_update,no,62,-100
1767778351182125,orderbook_update,no,63,100
1767778351443966,orderbook_update,no,52,5
1767778351458020,orderbook_update,no,63,-23
1767778351517582,orderbook_update,yes,17,-200
1767778352082779,orderbook_update,no,65,5
1767778352312381,orderbook_update,no,55,-200
1767778352576308,orderbook_update,yes,18,-35
1767778352576308,orderbook_update,yes,13,35
1767778353000000,trade,yes,35,-5
1767778353216636,orderbook_update,no,64,35
1767778353308911,orderbook_update,no,65,-5
1767778353308911,orderbook_update,yes,35,5
1767778353696922,orderbook_update,yes,35,-5
1767778353933031,orderbook_update,yes,35,10
1767778354375123,orderbook_update,yes,35,-10
1767778354843891,orderbook_update,no,64,14
1767778355000000,trade,yes,36,-1
1767778355773730,orderbook_update,yes,30,5
1767778355947528,orderbook_update,no,64,-1
1767778356410149,orderbook_update,no,64,-34
1767778357000000,trade,yes,36,-10
1767778357461356,orderbook_update,no,64,-10
1767778358017202,orderbook_update,no,64,35
1767778358976969,orderbook_update,no,62,11
1767778358978308,orderbook_update,no,61,-21
1767778358980978,orderbook_update,yes,33,39
1767778358981559,orderbook_update,yes,34,-35
1767778358993221,orderbook_update,yes,33,-39
1767778358994701,orderbook_update,no,62,-11
1767778359008276,orderbook_update,yes,32,22
1767778359010413,orderbook_update,no,63,33
1767778360242412,orderbook_update,yes,30,-5
1767778360278406,orderbook_update,no,63,5
1767778360291571,orderbook_update,yes,28,5
1767778360780656,orderbook_update,no,64,-4
1767778360853494,orderbook_update,no,63,-33
1767778360856659,orderbook_update,no,64,11
1767778360859097,orderbook_update,yes,31,40
1767778360859593,orderbook_update,yes,32,-22
1767778360948935,orderbook_update,no,65,14
1767778360950171,orderbook_update,no,64,-11
1767778360986500,orderbook_update,yes,12,-5000
1767778361000000,trade,no,32,-7
1767778361126283,orderbook_update,yes,9,5000
1767778361155049,orderbook_update,yes,31,-100
1767778361155049,orderbook_update,yes,28,100
1767778361175205,orderbook_update,no,63,-100
1767778361175205,orderbook_update,no,65,100
1767778361278455,orderbook_update,no,60,-5000
1767778361396348,orderbook_update,yes,32,20
1767778361396707,orderbook_update,yes,31,-40
1767778361397871,orderbook_update,no,63,33
1767778361398014,orderbook_update,no,65,-14
1767778361422205,orderbook_update,no,63,5000
1767778361468309,orderbook_update,yes,32,-7
1767778361492469,orderbook_update,yes,33,11
1767778361500578,orderbook_update,yes,32,-13
1767778361924360,orderbook_update,no,64,-35
1767778361924360,orderbook_update,no,66,35
1767778361945586,orderbook_update,yes,13,-35
1767778361945586,orderbook_update,yes,10,35
1767778362000000,trade,yes,34,-10
1767778362687641,orderbook_update,no,66,-10
1767778362945599,orderbook_update,yes,33,-11
1767778362946598,orderbook_update,yes,32,43
1767778363129166,orderbook_update,yes,13,200
1767778363215739,orderbook_update,no,66,-25
1767778363465931,orderbook_update,yes,10,-35
1767778363465931,orderbook_update,yes,14,35
1767778363575280,orderbook_update,no,55,200
1767778364906195,orderbook_update,no,66,35
1767778364975573,orderbook_update,no,65,13
1767778365508796,orderbook_update,yes,13,-200
1767778365909691,orderbook_update,no,55,-200
1767778366262089,orderbook_update,yes,14,-35
1767778366262089,orderbook_update,yes,10,35
1767778367000000,trade,yes,34,-34
1767778367211508,orderbook_update,no,65,-100
1767778367211508,orderbook_update,no,63,100
1767778367229511,orderbook_update,yes,28,-100
1767778367229511,orderbook_update,yes,31,100
1767778367560508,orderbook_update,no,66,-34
1767778367625333,orderbook_update,yes,10,-35
1767778367625333,orderbook_update,yes,11,35
1767778367706288,orderbook_update,no,66,-1
1767778367939023,orderbook_update,yes,11,-35
1767778367939023,orderbook_update,yes,10,35
1767778368000000,trade,no,32,-43
1767778368147608,orderbook_update,no,63,-100
1767778368147608,orderbook_update,no,64,100
1767778368150734,orderbook_update,yes,31,-100
1767778368150734,orderbook_update,yes,29,100
1767778368338838,orderbook_update,yes,28,-5
1767778368375254,orderbook_update,yes,31,5
1767778368946053,orderbook_update,yes,32,-43
1767778369111349,orderbook_update,no,63,-33
1767778369111622,orderbook_update,yes,31,26
1767778369113216,orderbook_update,no,64,36
1767778369138082,orderbook_update,no,64,-100
1767778369138082,orderbook_update,no,65,100
1767778369138151,orderbook_update,yes,29,-100
1767778369138151,orderbook_update,yes,28,100
1767778369692246,orderbook_update,no,65,35
1767778369696592,orderbook_update,yes,31,-5
1767778369743284,orderbook_update,yes,27,5
1767778369923572,orderbook_update,yes,10,200
1767778369937649,orderbook_update,no,65,-35
1767778369937649,orderbook_update,no,66,35
1767778370729087,orderbook_update,no,61,200
1767778370846334,orderbook_update,no,65,-13
1767778371299981,orderbook_update,yes,10,-35
1767778371299981,orderbook_update,yes,11,35
1767778371804568,orderbook_update,no,52,-5
1767778372309370,orderbook_update,yes,10,-200
1767778373383504,orderbook_update,yes,11,-35
1767778373383504,orderbook_update,yes,10,35
1767778374751552,orderbook_update,no,61,-200
1767778375192513,orderbook_update,no,66,12
1767778375315573,orderbook_update,no,65,14
1767778375318351,orderbook_update,no,64,-36
1767778375338829,orderbook_update,yes,30,27
1767778375339340,orderbook_update,yes,31,-26
1767778375434145,orderbook_update,no,66,11
1767778375435506,orderbook_update,no,65,-14
1767778376000000,trade,yes,34,-5
1767778376312709,orderbook_update,no,66,-5
1767778377032785,orderbook_update,no,66,-30
1767778378579812,orderbook_update,no,66,35
1767778378724265,orderbook_update,yes,10,200
1767778378831032,orderbook_update,no,10,-89
1767778378831032,orderbook_update,no,35,89
1767778378982464,orderbook_update,yes,10,-35
1767778378982464,orderbook_update,yes,11,35
1767778379924506,orderbook_update,no,62,200
1767778380996059,orderbook_update,yes,31,12
1767778380996541,orderbook_update,yes,30,-27
1767778380997332,orderbook_update,no,66,-11
1767778380997466,orderbook_update,no,65,17
1767778381000000,trade,no,31,-1
1767778381191677,orderbook_update,no,66,-12
1767778381298537,orderbook_update,no,65,-17
1767778381300324,orderbook_update,no,64,42
1767778381382376,orderbook_update,yes,31,-1
1767778381916302,orderbook_update,no,62,-200
1767778381940126,orderbook_update,yes,27,-5
1767778381977503,orderbook_update,yes,30,5
1767778382000000,trade,no,31,-1
1767778382056114,orderbook_update,yes,28,-100
1767778382056114,orderbook_update,yes,29,100
1767778382743977,orderbook_update,no,61,200
1767778382884232,orderbook_update,yes,31,-1
1767778383923254,orderbook_update,no,61,-200
1767778384000000,trade,no,31,-1
1767778384308117,orderbook_update,yes,30,-5
1767778384346489,orderbook_update,yes,27,5
1767778384396836,orderbook_update,yes,31,-1
1767778384427975,orderbook_update,no,64,-42
1767778384428395,orderbook_update,no,65,11
1767778384805504,orderbook_update,no,58,200
1767778385000000,trade,no,31,-1
1767778385396471,orderbook_update,no,66,12
1767778385940671,orderbook_update,yes,31,-1
1767778387000000,trade,no,31,-1
1767778387436062,orderbook_update,yes,31,-1
1767778387907996,orderbook_update,yes,27,-5
1767778387911582,orderbook_update,no,58,-200
1767778387941378,orderbook_update,yes,30,5
1767778388000000,trade,yes,34,-35
1767778388000000,trade,yes,34,-11
1767778388050756,orderbook_update,no,66,-35
1767778388050756,orderbook_update,no,66,-11
1767778388238401,orderbook_update,no,65,-100
1767778388238401,orderbook_update,no,63,100
1767778388239985,orderbook_update,yes,29,-100
1767778388239985,orderbook_update,yes,30,100
1767778388345168,orderbook_update,no,60,200
1767778388503366,orderbook_update,yes,30,46
1767778388505318,orderbook_update,yes,31,-7
1767778388909397,orderbook_update,yes,30,-5
1767778388946126,orderbook_update,yes,28,5
1767778388953095,orderbook_update,no,69,1
1767778390000000,trade,yes,31,-1
1767778390000000,trade,yes,34,-1
1767778390000000,trade,yes,35,-6
1767778390175713,orderbook_update,no,64,35
1767778390228320,orderbook_update,no,63,-100
1767778390228320,orderbook_update,no,65,100
1767778390344235,orderbook_update,no,69,-1
1767778390344235,orderbook_update,no,66,-1
1767778390344235,orderbook_update,no,65,-6
1767778390933812,orderbook_update,yes,31,11
1767778390935559,orderbook_update,yes,30,-46
1767778391674747,orderbook_update,no,64,-35
1767778391674747,orderbook_update,no,66,35
1767778392674421,orderbook_update,yes,30,46
1767778392674523,orderbook_update,yes,31,-11
1767778392720476,orderbook_update,yes,10,-200
1767778393111582,orderbook_update,no,60,-200
1767778393535952,orderbook_update,yes,11,-35
1767778393535952,orderbook_update,yes,10,35
1767778395607421,orderbook_update,no,66,12
1767778397000000,trade,yes,34,-1
1767778397354775,orderbook_update,no,66,-1
1767778397541084,orderbook_update,no,66,-34
1767778398000000,trade,no,30,-5
1767778398883561,orderbook_update,yes,30,-5
1767778398917391,orderbook_update,yes,30,-95
1767778398940386,orderbook_update,no,65,-100
1767778399000000,trade,no,30,-1
1767778399462374,orderbook_update,yes,29,100
1767778399462487,orderbook_update,no,64,100
1767778399618304,orderbook_update,no,66,35
1767778399744007,orderbook_update,yes,28,-5
1767778399780333,orderbook_update,yes,27,5
1767778399966073,orderbook_update,yes,30,-1
1767778400183138,orderbook_update,no,66,-35
1767778400183138,orderbook_update,no,65,35
1767778400817583,orderbook_update,yes,10,200
1767778401000000,trade,no,30,-1
1767778401371982,orderbook_update,no,60,200
1767778401435733,orderbook_update,yes,30,-1
1767778401604200,orderbook_update,no,66,-12
1767778401604905,orderbook_update,yes,10,-35
1767778401604905,orderbook_update,yes,11,35
1767778402395237,orderbook_update,no,60,-200
1767778403329228,orderbook_update,no,61,200
1767778404849452,orderbook_update,yes,32,26
1767778404850401,orderbook_update,no,63,35
1767778404852263,orderbook_update,yes,30,-44
1767778404853753,orderbook_update,no,65,-5
1767778405775139,orderbook_update,no,65,13
1767778405911016,orderbook_update,yes,10,-200
1767778406711075,orderbook_update,no,61,-200
1767778406813055,orderbook_update,yes,11,-35
1767778406813055,orderbook_update,yes,10,35
1767778408000000,trade,no,32,-4
1767778408555673,orderbook_update,yes,29,-100
1767778408555673,orderbook_update,yes,28,100
1767778408556248,orderbook_update,no,64,-100
1767778408556248,orderbook_update,no,66,100
1767778408792977,orderbook_update,yes,32,-4
1767778409424525,orderbook_update,no,63,-35
1767778409427825,orderbook_update,no,64,11
1767778409609178,orderbook_update,no,65,-35
1767778409609178,orderbook_update,no,67,35
1767778409928285,orderbook_update,yes,10,200
1767778410257470,orderbook_update,yes,27,-5
1767778410291303,orderbook_update,yes,26,5
1767778410326606,orderbook_update,no,60,200
1767778410346402,orderbook_update,yes,10,-35
1767778410346402,orderbook_update,yes,11,35
1767778410444577,orderbook_update,yes,32,-22
1767778410445423,orderbook_update,yes,31,15
1767778410445811,orderbook_update,no,64,-11
1767778410446980,orderbook_update,no,65,14
1767778411000000,trade,no,31,-8
1767778411145223,orderbook_update,no,66,-100
1767778411145223,orderbook_update,no,67,100
1767778411162419,orderbook_update,yes,28,-100
1767778411162419,orderbook_update,yes,26,100
1767778411782024,orderbook_update,no,65,-13
1767778411809137,orderbook_update,yes,31,-8
1767778411919876,orderbook_update,yes,30,42
1767778411921445,orderbook_update,yes,31,-7
1767778412000000,trade,yes,32,-27
1767778412073206,orderbook_update,no,67,-35
1767778412073206,orderbook_update,no,68,35
1767778412341130,orderbook_update,no,68,-27
1767778412341200,orderbook_update,yes,30,-42
1767778412342018,orderbook_update,no,63,36
1767778412342087,orderbook_update,no,65,-14
1767778412359768,orderbook_update,yes,31,37
1767778412360126,orderbook_update,no,63,-36
1767778412378051,orderbook_update,no,64,30
1767778412472313,orderbook_update,no,68,-8
1767778412477837,orderbook_update,yes,9,-5000
1767778412479802,orderbook_update,no,63,-5000
1767778412622384,orderbook_update,yes,12,5000
1767778412623842,orderbook_update,no,60,5000
1767778412713853,orderbook_update,no,60,-200
1767778413000000,trade,no,31,-1
1767778413024400,orderbook_update,yes,31,-1
1767778413167660,orderbook_update,no,67,-100
1767778413167660,orderbook_update,no,64,100
1767778413183098,orderbook_update,no,62,200
1767778413703990,orderbook_update,yes,11,-35
1767778413703990,orderbook_update,yes,13,35
1767778414000000,trade,no,34,-1
1767778414000000,trade,no,31,-4
1767778414131759,orderbook_update,yes,34,1
1767778414166768,orderbook_update,yes,34,-1
1767778414166768,orderbook_update,yes,31,-4
1767778414529930,orderbook_update,yes,31,-32
1767778414530732,orderbook_update,no,64,-30
1767778414531390,orderbook_update,yes,33,15
1767778414532902,orderbook_update,no,63,16
1767778414659304,orderbook_update,no,65,35
1767778415000000,trade,no,33,-1
1767778415123983,orderbook_update,no,64,-100
1767778415123983,orderbook_update,no,63,100
1767778415510016,orderbook_update,yes,10,-200
1767778415540569,orderbook_update,yes,33,-1
1767778415646081,orderbook_update,yes,26,-5
1767778415692967,orderbook_update,yes,30,5
1767778415997586,orderbook_update,no,65,13
1767778416257620,orderbook_update,no,65,-35
1767778416257620,orderbook_update,no,64,35
1767778417013838,orderbook_update,yes,33,-14
1767778417015444,orderbook_update,yes,32,47
1767778417060909,orderbook_update,no,67,1
1767778417923833,orderbook_update,yes,13,200
1767778417958573,orderbook_update,yes,26,-100
1767778417958573,orderbook_update,yes,31,100
1767778418711071,orderbook_update,no,62,-200
1767778418716837,orderbook_update,yes,13,-35
1767778418716837,orderbook_update,yes,14,35
1767778419181461,orderbook_update,no,61,200
1767778420415340,orderbook_update,no,63,-100
1767778420415340,orderbook_update,no,64,100
1767778420415517,orderbook_update,yes,31,-100
1767778420415517,orderbook_update,yes,30,100
1767778420439183,orderbook_update,yes,30,-5
1767778420475375,orderbook_update,yes,28,5
1767778420794272,orderbook_update,no,64,-35
1767778420794272,orderbook_update,no,65,35
1767778421000000,trade,yes,33,-1
1767778421000000,trade,yes,35,-13
1767778421000000,trade,yes,35,-19
1767778421198750,orderbook_update,no,67,-1
1767778421198750,orderbook_update,no,65,-13
1767778421198750,orderbook_update,no,65,-19
1767778421534628,orderbook_update,no,65,-16
1767778423158699,orderbook_update,yes,13,-200
1767778423594690,orderbook_update,no,65,35
1767778423595151,orderbook_update,yes,14,-35
1767778423595151,orderbook_update,yes,13,35
1767778424308486,orderbook_update,no,61,-200
1767778426246822,orderbook_update,no,65,13
1767778427409339,orderbook_update,yes,28,-5
1767778427444110,orderbook_update,yes,27,5
1767778427754053,orderbook_update,yes,32,-47
1767778427755219,orderbook_update,yes,30,46
1767778427755563,orderbook_update,no,63,-16
1767778427756966,orderbook_update,no,65,24
1767778427768295,orderbook_update,yes,30,-46
1767778427812297,orderbook_update,no,66,15
1767778427812847,orderbook_update,no,65,-24
1767778427821539,orderbook_update,yes,29,48
1767778427955891,orderbook_update,yes,29,-48
1767778427956956,orderbook_update,no,66,-15
1767778427957402,orderbook_update,yes,26,49
1767778427958666,orderbook_update,no,69,28
1767778428086633,orderbook_update,yes,12,-5000
1767778428088223,orderbook_update,no,60,-5000
1767778428109600,orderbook_update,no,68,1
1767778428158908,orderbook_update,yes,30,-100
1767778428158908,orderbook_update,yes,28,100
1767778428162642,orderbook_update,no,64,-100
1767778428162642,orderbook_update,no,66,100
1767778428165484,orderbook_update,no,65,-35
1767778428165484,orderbook_update,no,69,35
1767778428722657,orderbook_update,no,61,200
1767778429245497,orderbook_update,yes,27,46
1767778429245729,orderbook_update,yes,26,-49
1767778429246544,orderbook_update,no,68,28
1767778429247081,orderbook_update,no,69,-28
1767778429347014,orderbook_update,yes,27,-46
1767778429349792,orderbook_update,no,68,-28
1767778429525686,orderbook_update,yes,29,20
1767778429527158,orderbook_update,no,67,15
1767778429589348,orderbook_update,yes,27,-5
1767778429627781,orderbook_update,yes,26,5
1767778429778985,orderbook_update,no,69,-35
1767778429778985,orderbook_update,no,67,35
1767778429779849,orderbook_update,yes,13,-35
1767778429779849,orderbook_update,yes,2,35
1767778429994500,orderbook_update,yes,10,5000
1767778429995413,orderbook_update,no,62,5000
1767778430708739,orderbook_update,no,61,-200
1767778430755608,orderbook_update,no,66,44
1767778430758054,orderbook_update,no,67,-15
1767778430954239,orderbook_update,yes,2,-35
1767778430954239,orderbook_update,yes,11,35
1767778432023702,orderbook_update,yes,26,-5
1767778432056884,orderbook_update,yes,24,5
1767778432245105,orderbook_update,no,65,-13
1767778434000000,trade,no,29,-6
1767778434329707,orderbook_update,no,63,200
1767778434654778,orderbook_update,yes,29,-6
1767778435321833,orderbook_update,yes,24,-5
1767778435358650,orderbook_update,yes,25,3
1767778435361487,orderbook_update,no,67,19
1767778435364861,orderbook_update,no,66,-44
1767778435529500,orderbook_update,no,63,-200
1767778436000000,trade,yes,32,-1
1767778436000000,trade,yes,33,-13
1767778436131418,orderbook_update,no,68,-1
1767778436131418,orderbook_update,no,67,-13
1767778436446204,orderbook_update,yes,29,-14
1767778436447520,orderbook_update,yes,31,14
1767778436448094,orderbook_update,no,67,-19
1767778436449360,orderbook_update,no,65,19
1767778436470777,orderbook_update,no,67,-22
1767778436495336,orderbook_update,no,68,11
1767778437039944,orderbook_update,no,64,35
1767778437040362,orderbook_update,no,65,-19
1767778437180353,orderbook_update,yes,28,-100
1767778437180353,orderbook_update,yes,29,100
1767778437183571,orderbook_update,no,66,-100
1767778437183571,orderbook_update,no,64,100
1767778437183958,orderbook_update,yes,10,-5000
1767778437185356,orderbook_update,no,62,-5000
1767778437335731,orderbook_update,yes,13,5000
1767778437337328,orderbook_update,no,59,5000
1767778437935634,orderbook_update,yes,11,-35
1767778437935634,orderbook_update,yes,14,35
1767778438000000,trade,yes,32,-11
1767778438235408,orderbook_update,no,65,35
1767778438325583,orderbook_update,yes,1,200
1767778438696606,orderbook_update,yes,31,-14
1767778438697945,orderbook_update,no,68,-11
1767778438697945,orderbook_update,yes,34,14
1767778438698508,orderbook_update,no,64,-35
1767778438699022,orderbook_update,no,61,39
1767778438712606,orderbook_update,no,61,-39
1767778438729640,orderbook_update,no,60,200
1767778438835385,orderbook_update,yes,13,-5000
1767778439084687,orderbook_update,yes,34,-14
1767778439086509,orderbook_update,yes,33,49
1767778439088062,orderbook_update,no,62,19
1767778439183851,orderbook_update,no,64,-100
1767778439183851,orderbook_update,no,61,100
1767778439201525,orderbook_update,yes,29,-100
1767778439201525,orderbook_update,yes,33,100
1767778439287616,orderbook_update,yes,14,-35
1767778439287616,orderbook_update,yes,2,35
1767778439443925,orderbook_update,yes,32,46
1767778439445175,orderbook_update,no,63,22
1767778439447696,orderbook_update,yes,33,-49
1767778439448493,orderbook_update,no,62,-19
1767778439649935,orderbook_update,yes,25,-3
1767778439687874,orderbook_update,yes,30,5
1767778440321664,orderbook_update,no,65,-35
1767778440321664,orderbook_update,no,64,35
1767778440446963,orderbook_update,no,64,13
1767778440447902,orderbook_update,no,63,-22
1767778440501030,orderbook_update,no,61,-100
1767778440501030,orderbook_update,no,62,100
1767778440660083,orderbook_update,yes,30,-5
1767778440696240,orderbook_update,yes,27,5
1767778440734019,orderbook_update,yes,14,5000
1767778441158251,orderbook_update,yes,33,-100
1767778441158251,orderbook_update,yes,30,100
1767778441161608,orderbook_update,no,62,-100
1767778441161608,orderbook_update,no,63,100
1767778441244527,orderbook_update,yes,31,17
1767778441245683,orderbook_update,no,65,16
1767778441246938,orderbook_update,yes,32,-46
1767778441248322,orderbook_update,no,64,-13
1767778441357525,orderbook_update,yes,2,-35
1767778441357525,orderbook_update,yes,15,35
1767778441634548,orderbook_update,yes,1,-200
1767778441995718,orderbook_update,no,60,-200
1767778442807930,orderbook_update,yes,27,-5
1767778442899756,orderbook_update,yes,26,5
1767778443176988,orderbook_update,no,63,-100
1767778443176988,orderbook_update,no,65,100
1767778443198063,orderbook_update,yes,30,-100
1767778443198063,orderbook_update,yes,29,100
1767778443288026,orderbook_update,no,64,-35
1767778443288026,orderbook_update,no,66,35
1767778443723822,orderbook_update,yes,32,1
1767778444000000,trade,no,32,-1
1767778444309951,orderbook_update,no,66,38
1767778444310912,orderbook_update,no,65,-16
1767778444311466,orderbook_update,yes,31,-17
1767778444312557,orderbook_update,yes,30,49
1767778444320244,orderbook_update,no,66,-38
1767778444324977,orderbook_update,yes,30,-49
1767778444452796,orderbook_update,yes,14,-5000
1767778444454351,orderbook_update,no,59,-5000
1767778444555092,orderbook_update,yes,27,37
1767778444556383,orderbook_update,yes,32,-1
1767778444556383,orderbook_update,no,68,37
1767778444596364,orderbook_update,yes,10,5000
1767778444598491,orderbook_update,no,62,5000
1767778444818233,orderbook_update,yes,26,-5
1767778444855642,orderbook_update,yes,25,5
1767778445204448,orderbook_update,yes,29,-100
1767778445204448,orderbook_update,yes,27,100
1767778445222921,orderbook_update,no,65,-100
1767778445222921,orderbook_update,no,66,100
1767778445918231,orderbook_update,no,66,-35
1767778445918231,orderbook_update,no,69,35
1767778445923386,orderbook_update,yes,25,-5
1767778445927927,orderbook_update,yes,9,200
1767778445937864,orderbook_update,yes,15,-35
1767778445937864,orderbook_update,yes,11,35
1767778445972102,orderbook_update,yes,23,5
1767778446452923,orderbook_update,no,69,14
1767778446457315,orderbook_update,no,68,-37
1767778446462964,orderbook_update,no,66,-100
1767778446462964,orderbook_update,no,67,100
1767778446464744,orderbook_update,yes,27,-100
1767778446464744,orderbook_update,yes,26,100
1767778446702240,orderbook_update,no,69,11
1767778446824336,orderbook_update,no,63,200
1767778447000000,trade,no,27,-1
1767778447000000,trade,no,27,-1
1767778447155587,orderbook_update,yes,26,-100
1767778447155587,orderbook_update,yes,25,100
1767778447189087,orderbook_update,no,67,-100
1767778447189087,orderbook_update,no,69,100
1767778447376384,orderbook_update,yes,27,-1
1767778447767864,orderbook_update,yes,27,-1
1767778447870150,orderbook_update,no,69,-35
1767778447870150,orderbook_update,no,70,35
1767778447953878,orderbook_update,yes,9,-200
1767778448122671,orderbook_update,yes,23,-5
1767778448156350,orderbook_update,yes,22,5
1767778448394302,orderbook_update,yes,26,13
1767778448395297,orderbook_update,no,70,26
1767778448395817,orderbook_update,yes,27,-35
1767778448397249,orderbook_update,no,69,-14
1767778448404700,orderbook_update,yes,26,-13
1767778448405628,orderbook_update,no,70,-26
1767778448532292,orderbook_update,yes,25,25
1767778448532365,orderbook_update,yes,10,-5000
1767778448533399,orderbook_update,no,71,17
1767778448533519,orderbook_update,no,62,-5000
1767778448553816,orderbook_update,no,72,29
1767778448554649,orderbook_update,yes,24,44
1767778448554750,orderbook_update,yes,25,-25
1767778448556056,orderbook_update,no,71,-17
1767778448564640,orderbook_update,yes,24,-44
1767778448571174,orderbook_update,no,72,-29
1767778448571798,orderbook_update,yes,23,45
1767778448584118,orderbook_update,yes,23,-45
1767778448591118,orderbook_update,no,73,36
1767778448595060,orderbook_update,yes,22,53
1767778448680089,orderbook_update,yes,6,5000
1767778448681589,orderbook_update,no,65,5000
1767778448808342,orderbook_update,yes,11,-35
1767778448808342,orderbook_update,yes,2,35
1767778448814402,orderbook_update,no,70,-35
1767778448814402,orderbook_update,no,73,35
1767778448824363,orderbook_update,yes,6,-5000
1767778449000000,trade,no,26,-1
1767778449198309,orderbook_update,no,69,-100
1767778449198309,orderbook_update,no,71,100
1767778449198938,orderbook_update,yes,25,-100
1767778449198938,orderbook_update,yes,23,100
1767778449234254,orderbook_update,no,63,-200
1767778449253529,orderbook_update,yes,26,-1
1767778450000000,trade,yes,26,-5
1767778450000000,trade,no,23,-1
1767778450080632,orderbook_update,no,73,-35
1767778450080632,orderbook_update,no,74,35
1767778450258010,orderbook_update,no,74,-5
1767778450382864,orderbook_update,yes,22,-5
1767778450415827,orderbook_update,no,74,-30
1767778450420860,orderbook_update,yes,19,5
1767778450731798,orderbook_update,yes,3,5000
1767778450790637,orderbook_update,yes,23,-1
1767778450829985,orderbook_update,yes,23,-99
1767778450850647,orderbook_update,no,71,-100
1767778450936628,orderbook_update,yes,22,-53
1767778450937611,orderbook_update,yes,23,16
1767778451305167,orderbook_update,yes,23,-16
1767778451305524,orderbook_update,yes,22,43
1767778451306323,orderbook_update,no,74,42
1767778451306875,orderbook_update,no,73,-36
1767778451315833,orderbook_update,yes,22,-43
1767778451318267,orderbook_update,no,74,-42
1767778451334199,orderbook_update,yes,20,52
1767778451335170,orderbook_update,no,75,45
1767778451344725,orderbook_update,yes,20,-52
1767778451345831,orderbook_update,no,75,-45
1767778451351763,orderbook_update,yes,19,24
1767778451365784,orderbook_update,no,71,1
1767778451368875,orderbook_update,no,77,33
1767778451430950,orderbook_update,no,70,100
1767778451433132,orderbook_update,yes,4,100
1767778451444517,orderbook_update,no,65,-5000
1767778451462988,orderbook_update,no,70,-100
1767778451462988,orderbook_update,no,66,100
1767778451504279,orderbook_update,no,66,-100
1767778451504279,orderbook_update,no,70,100
1767778451543649,orderbook_update,no,70,-100
1767778451543649,orderbook_update,no,71,100
1767778451591149,orderbook_update,no,69,5000
1767778451736379,orderbook_update,yes,3,-5000
1767778452000000,trade,no,19,-1
1767778452180042,orderbook_update,yes,19,1
1767778452231517,orderbook_update,yes,4,-100
1767778452231517,orderbook_update,yes,5,100
1767778452232261,orderbook_update,no,71,-100
1767778452232261,orderbook_update,no,72,100
1767778452272312,orderbook_update,no,72,-100
1767778452272312,orderbook_update,no,73,100
1767778452295972,orderbook_update,yes,19,-1
1767778452334435,orderbook_update,no,74,35
1767778452515244,orderbook_update,yes,19,-4
1767778452550711,orderbook_update,yes,15,5
1767778452671103,orderbook_update,no,69,-11
1767778452811100,orderbook_update,yes,19,-24
1767778452812246,orderbook_update,no,77,-33
1767778452812788,orderbook_update,yes,20,14
1767778452814184,orderbook_update,no,76,39
1767778452942808,orderbook_update,no,76,-39
1767778452944719,orderbook_update,no,75,45
1767778453000000,trade,no,22,-1
1767778453060907,orderbook_update,yes,2,-35
1767778453060907,orderbook_update,yes,6,35
1767778453060920,orderbook_update,no,74,-35
1767778453060920,orderbook_update,no,78,35
1767778453125999,orderbook_update,yes,20,-14
1767778453127274,orderbook_update,no,75,-45
1767778453128178,orderbook_update,yes,21,41
1767778453129705,orderbook_update,no,74,51
1767778453217651,orderbook_update,no,78,-35
1767778453217651,orderbook_update,no,76,35
1767778453241957,orderbook_update,yes,5,-100
1767778453241957,orderbook_update,yes,21,100
1767778453494109,orderbook_update,yes,22,20
1767778453494158,orderbook_update,yes,21,-41
1767778453534160,orderbook_update,no,70,200
1767778453561749,orderbook_update,yes,15,-5
1767778453596094,orderbook_update,yes,19,5
1767778453782576,orderbook_update,yes,22,-1
1767778454000000,trade,no,22,-18
1767778454177529,orderbook_update,no,73,-100
1767778454177529,orderbook_update,no,72,100
1767778454178979,orderbook_update,yes,21,-100
1767778454178979,orderbook_update,yes,22,100
1767778454247695,orderbook_update,yes,22,-19
1767778454248430,orderbook_update,yes,20,59
1767778454249105,orderbook_update,no,74,-51
1767778454249271,orderbook_update,no,75,40
1767778454258086,orderbook_update,yes,20,-59
1767778454258885,orderbook_update,no,75,-40
1767778454324757,orderbook_update,yes,18,45
1767778454325476,orderbook_update,yes,22,-18
1767778454353231,orderbook_update,no,77,43
1767778454356876,orderbook_update,no,72,-100
1767778454358972,orderbook_update,yes,22,-82
1767778454436889,orderbook_update,yes,19,25
1767778454438073,orderbook_update,yes,18,-45
1767778454538638,orderbook_update,no,77,-43
1767778454541776,orderbook_update,no,76,51
1767778454542894,orderbook_update,yes,19,-25
1767778454546556,orderbook_update,yes,20,35
1767778454703325,orderbook_update,no,72,100
1767778454705602,orderbook_update,yes,20,100
1767778455000000,trade,no,21,-1
1767778455076239,orderbook_update,yes,20,-35
1767778455077150,orderbook_update,yes,21,12
1767778455077637,orderbook_update,no,76,-51
1767778455078673,orderbook_update,no,75,36
1767778455174353,orderbook_update,no,72,-100
1767778455174353,orderbook_update,no,73,100
1767778455273358,orderbook_update,yes,21,-1
1767778455640733,orderbook_update,yes,21,-11
1767778455640804,orderbook_update,yes,20,58
1767778455675254,orderbook_update,yes,19,-5
1767778455711501,orderbook_update,yes,17,5
1767778456000000,trade,no,20,-1
1767778456769557,orderbook_update,yes,20,-1
1767778456823632,orderbook_update,no,73,-100
1767778456830003,orderbook_update,no,76,7
1767778456882983,orderbook_update,yes,20,-99
1767778456936251,orderbook_update,no,75,-36
1767778456938664,orderbook_update,no,76,10
1767778457000000,trade,yes,23,-1
1767778457054415,orderbook_update,yes,20,100
1767778457073238,orderbook_update,no,74,100
1767778457083875,orderbook_update,yes,20,-100
1767778457083875,orderbook_update,yes,7,100
1767778457116878,orderbook_update,yes,7,-100
1767778457116878,orderbook_update,yes,20,100
1767778457176439,orderbook_update,yes,20,-100
1767778457176439,orderbook_update,yes,19,100
1767778457181149,orderbook_update,no,74,-100
1767778457181149,orderbook_update,no,75,100
1767778457213145,orderbook_update,yes,20,-58
1767778457214167,orderbook_update,yes,19,55
1767778457227889,orderbook_update,no,77,27
1767778457229982,orderbook_update,no,76,-10
1767778457262611,orderbook_update,yes,19,-55
1767778457262968,orderbook_update,yes,18,57
1767778457508613,orderbook_update,no,77,-1
1767778457541635,orderbook_update,no,70,-200
1767778458000000,trade,no,19,-1
1767778458265394,orderbook_update,yes,19,-1
1767778458845910,orderbook_update,yes,17,-5
1767778458882174,orderbook_update,yes,15,5
1767778458997499,orderbook_update,no,77,-26
1767778458999273,orderbook_update,yes,18,-57
1767778458999741,orderbook_update,yes,17,52
1767778459000000,trade,yes,21,-1
1767778459000000,trade,no,18,-1
1767778459002281,orderbook_update,no,78,13
1767778459012929,orderbook_update,no,79,13
1767778459014326,orderbook_update,no,78,-13
1767778459137654,orderbook_update,no,69,-5000
1767778459168733,orderbook_update,yes,19,-100
1767778459168733,orderbook_update,yes,18,100
1767778459169525,orderbook_update,no,75,-100
1767778459169525,orderbook_update,no,76,100
1767778459284343,orderbook_update,no,72,5000
1767778459653411,orderbook_update,no,79,-1
1767778459768358,orderbook_update,yes,18,-1
1767778459806468,orderbook_update,no,76,-100
1767778459806535,orderbook_update,yes,18,-99
1767778459890932,orderbook_update,yes,15,-5
1767778459926851,orderbook_update,yes,14,5
1767778460223656,orderbook_update,no,77,100
1767778460245745,orderbook_update,yes,17,100
1767778460252860,orderbook_update,no,77,-100
1767778460252860,orderbook_update,no,73,100
1767778460274200,orderbook_update,yes,17,-100
1767778460274200,orderbook_update,yes,7,100
1767778460284220,orderbook_update,no,73,-100
1767778460284220,orderbook_update,no,77,100
1767778460301135,orderbook_update,yes,7,-100
1767778460301135,orderbook_update,yes,17,100
1767778460321700,orderbook_update,no,79,5
1767778460514302,orderbook_update,yes,17,-52
1767778460515573,orderbook_update,no,79,-12
1767778460574880,orderbook_update,yes,16,44
1767778460576400,orderbook_update,no,80,25
1767778460591721,orderbook_update,yes,16,-44
1767778460592621,orderbook_update,no,80,-25
1767778460594429,orderbook_update,yes,15,67
1767778460595819,orderbook_update,no,81,10
1767778460722533,orderbook_update,no,76,-35
1767778460722533,orderbook_update,no,78,35
1767778460739888,orderbook_update,yes,6,-35
1767778460739888,orderbook_update,yes,2,35
1767778460935553,orderbook_update,no,75,5
1767778461000000,trade,no,17,-1
1767778461216102,orderbook_update,yes,17,-1
1767778461317373,orderbook_update,no,77,-100
1767778461320281,orderbook_update,yes,17,-99
1767778461526865,orderbook_update,no,70,200
1767778461675691,orderbook_update,yes,16,100
1767778461675937,orderbook_update,no,78,100
1767778461707715,orderbook_update,yes,16,-100
1767778461707715,orderbook_update,yes,3,100
1767778461763011,orderbook_update,yes,3,-100
1767778461763011,orderbook_update,yes,16,100
1767778461907402,orderbook_update,yes,14,-5
1767778462000000,trade,no,16,-1
1767778462002046,orderbook_update,yes,13,5
1767778462701713,orderbook_update,yes,16,-1
1767778462708286,orderbook_update,no,70,-200
1767778462733321,orderbook_update,yes,16,-99
1767778462754604,orderbook_update,no,78,-100
1767778462871750,orderbook_update,no,76,-7
1767778462949451,orderbook_update,yes,16,100
1767778462952735,orderbook_update,no,79,100
1767778462958208,orderbook_update,yes,13,-5
1767778462978234,orderbook_update,yes,16,-100
1767778462978234,orderbook_update,yes,3,100
1767778462986483,orderbook_update,no,79,-100
1767778462986483,orderbook_update,no,73,100
1767778462995299,orderbook_update,yes,12,5
1767778463013685,orderbook_update,yes,3,-100
1767778463013685,orderbook_update,yes,16,100
1767778463189702,orderbook_update,no,73,200
1767778463196492,orderbook_update,no,78,-35
1767778463196492,orderbook_update,no,74,35
1767778463248250,orderbook_update,no,73,-100
1767778463248250,orderbook_update,no,78,100
1767778463765345,orderbook_update,no,74,-35
1767778463765345,orderbook_update,no,79,35
1767778464000000,trade,no,16,-1
1767778464225483,orderbook_update,yes,16,-1
1767778464260606,orderbook_update,no,78,-100
1767778464262024,orderbook_update,yes,16,-99
1767778464583479,orderbook_update,no,79,-35
1767778464583479,orderbook_update,no,74,35
1767778464656609,orderbook_update,no,75,100
1767778464658463,orderbook_update,yes,15,100
1767778464686960,orderbook_update,no,75,-100
1767778464686960,orderbook_update,no,74,100
1767778464727608,orderbook_update,no,74,-100
1767778464727608,orderbook_update,no,75,100
1767778464769752,orderbook_update,no,75,-100
1767778464769752,orderbook_update,no,76,100
1767778465000000,trade,no,15,-1
1767778465031240,orderbook_update,no,76,-100
1767778465031240,orderbook_update,no,77,100
1767778465073772,orderbook_update,no,77,-100
1767778465073772,orderbook_update,no,78,100
1767778465718890,orderbook_update,yes,15,-1
1767778465929216,orderbook_update,yes,2,-35
1767778465929216,orderbook_update,yes,15,35
1767778466000000,trade,no,16,-1
1767778466163979,orderbook_update,no,81,-10
1767778466166241,orderbook_update,no,82,10
1767778466263092,orderbook_update,yes,15,-35
1767778466263092,orderbook_update,yes,16,35
1767778466377470,orderbook_update,yes,16,-1
1767778466745250,orderbook_update,yes,16,-34
1767778467000428,orderbook_update,no,82,5
1767778467256658,orderbook_update,no,84,1
1767778467274768,orderbook_update,yes,14,70
1767778467275243,orderbook_update,yes,15,-66
1767778467935108,orderbook_update,no,74,-35
1767778467935108,orderbook_update,no,78,35
1767778468000000,trade,no,15,-9
1767778468160355,orderbook_update,yes,15,-9
1767778468197157,orderbook_update,no,78,-100
1767778468213903,orderbook_update,yes,15,-91
1767778468289606,orderbook_update,yes,12,-5
1767778468325730,orderbook_update,yes,12,3
1767778468762691,orderbook_update,no,79,100
1767778468777797,orderbook_update,yes,15,100
1767778468791992,orderbook_update,no,79,-100
1767778468791992,orderbook_update,no,74,100
1767778468792886,orderbook_update,yes,15,35
1767778468797270,orderbook_update,yes,1,200
1767778468806290,orderbook_update,yes,15,-100
1767778468806290,orderbook_update,yes,2,100
1767778468814372,orderbook_update,no,78,-35
1767778468814372,orderbook_update,no,74,35
1767778468842595,orderbook_update,yes,2,-100
1767778468842595,orderbook_update,yes,15,100
1767778469333579,orderbook_update,yes,12,-3
1767778469368102,orderbook_update,yes,11,5
1767778469389443,orderbook_update,no,74,-100
1767778469389443,orderbook_update,no,75,100
1767778469428560,orderbook_update,no,75,-100
1767778469428560,orderbook_update,no,76,100
1767778469462724,orderbook_update,no,74,-35
1767778469462724,orderbook_update,no,75,35
1767778469466617,orderbook_update,no,76,-100
1767778469466617,orderbook_update,no,77,100
1767778469499793,orderbook_update,no,77,-100
1767778469499793,orderbook_update,no,78,100
1767778469857370,orderbook_update,yes,15,-35
1767778469857370,orderbook_update,yes,2,35
1767778469857428,orderbook_update,no,75,-35
1767778469857428,orderbook_update,no,79,35
1767778470737110,orderbook_update,yes,1,-200
1767778472932708,orderbook_update,no,82,-5
1767778472970632,orderbook_update,no,78,-100
1767778472970632,orderbook_update,no,79,100
1767778473629538,orderbook_update,no,72,-5000
1767778473775999,orderbook_update,no,75,5000
1767778474312620,orderbook_update,no,73,-200
1767778474475152,orderbook_update,no,79,-35
1767778474475152,orderbook_update,no,80,35
1767778475130479,orderbook_update,no,76,200
1767778476000000,trade,no,15,-100
1767778476000000,trade,no,14,-17
1767778476275058,orderbook_update,yes,15,-100
1767778476275058,orderbook_update,yes,14,-17
1767778476312426,orderbook_update,no,79,-100
1767778476501408,orderbook_update,no,80,-35
1767778476501408,orderbook_update,no,77,35
1767778476671795,orderbook_update,yes,15,100
1767778476696316,orderbook_update,no,78,100
1767778476719608,orderbook_update,yes,15,-100
1767778476719608,orderbook_update,yes,3,100
1767778476724313,orderbook_update,no,78,-100
1767778476724313,orderbook_update,no,77,100
1767778476731257,orderbook_update,no,76,-200
1767778476760653,orderbook_update,yes,3,-100
1767778476760653,orderbook_update,yes,15,100
1767778476782593,orderbook_update,no,77,-100
1767778476782593,orderbook_update,no,78,100
1767778476818526,orderbook_update,no,78,-100
1767778476818526,orderbook_update,no,79,100
1767778476878612,orderbook_update,no,79,-100
1767778476878612,orderbook_update,no,80,100
1767778477040990,orderbook_update,no,84,4
1767778477139766,orderbook_update,no,75,200
1767778477228593,orderbook_update,no,77,-35
1767778477228593,orderbook_update,no,81,35
1767778477656983,orderbook_update,no,71,-1
1767778477832377,orderbook_update,no,84,-1
1767778477966394,orderbook_update,yes,11,-5
1767778477999611,orderbook_update,yes,10,5
1767778478000000,trade,no,15,-1
1767778478073149,orderbook_update,yes,15,-1
1767778478103721,orderbook_update,no,82,-10
1767778478105153,orderbook_update,no,80,-100
1767778478105600,orderbook_update,no,83,13
1767778478127955,orderbook_update,yes,15,-99
1767778478243818,orderbook_update,no,81,-35
1767778478243818,orderbook_update,no,76,35
1767778478684084,orderbook_update,no,77,100
1767778478684152,orderbook_update,yes,15,100
1767778478718362,orderbook_update,yes,15,-100
1767778478718362,orderbook_update,yes,3,100
1767778478729302,orderbook_update,no,77,-100
1767778478729302,orderbook_update,no,78,100
1767778478753240,orderbook_update,yes,3,-100
1767778478753240,orderbook_update,yes,15,100
1767778478809422,orderbook_update,no,82,45
1767778478812706,orderbook_update,no,83,-13
1767778478855460,orderbook_update,no,78,-100
1767778478855460,orderbook_update,no,81,100
1767778479000000,trade,yes,16,-1
1767778479000000,trade,no,15,-1
1767778479000000,trade,yes,16,-3
1767778479473337,orderbook_update,no,84,-1
1767778479513004,orderbook_update,no,75,-200
1767778479554024,orderbook_update,yes,15,-1
1767778479595266,orderbook_update,no,81,-100
1767778479605637,orderbook_update,yes,15,-99
1767778479643769,orderbook_update,yes,14,-53
1767778479645092,orderbook_update,no,82,-45
1767778479645175,orderbook_update,yes,15,38
1767778479646171,orderbook_update,no,81,39
1767778479757592,orderbook_update,no,76,-35
1767778479757592,orderbook_update,no,83,35
1767778479870178,orderbook_update,no,84,-3
1767778480000000,trade,no,15,-5
1767778480068780,orderbook_update,yes,10,-5
1767778480112094,orderbook_update,yes,13,5
1767778480175313,orderbook_update,no,83,-35
1767778480175313,orderbook_update,no,82,35
1767778480190574,orderbook_update,yes,14,100
1767778480191596,orderbook_update,no,80,100
1767778480220591,orderbook_update,yes,14,-100
1767778480220591,orderbook_update,yes,2,100
1767778480251754,orderbook_update,yes,2,-100
1767778480251754,orderbook_update,yes,14,100
1767778480538225,orderbook_update,yes,15,-5
1767778480538225,orderbook_update,no,79,-5
1767778480767457,orderbook_update,no,72,200
1767778481000000,trade,no,15,-1
1767778481025337,orderbook_update,yes,15,-1
1767778482358798,orderbook_update,yes,13,-5
1767778482373443,orderbook_update,no,72,-200
1767778482409300,orderbook_update,yes,12,5
1767778482693830,orderbook_update,yes,15,-32
1767778482694406,orderbook_update,yes,13,72
1767778482695051,orderbook_update,no,81,-39
1767778482695590,orderbook_update,no,83,24
1767778483154523,orderbook_update,no,80,-100
1767778483154523,orderbook_update,no,81,100
1767778484519934,orderbook_update,yes,16,10
1767778487075699,orderbook_update,no,83,5
1767778488018079,orderbook_update,no,82,-35
1767778488018079,orderbook_update,no,83,35
1767778490420347,orderbook_update,yes,12,-5
1767778490458342,orderbook_update,yes,12,3
1767778491000000,trade,yes,17,-24
1767778491000000,trade,yes,17,-5
1767778491000000,trade,yes,17,-34
1767778491105277,orderbook_update,no,83,-24
1767778491105277,orderbook_update,no,83,-5
1767778491105277,orderbook_update,no,83,-34
1767778491362675,orderbook_update,no,83,-1
1767778491380013,orderbook_update,no,83,19
1767778491999271,orderbook_update,yes,12,-3
1767778492000000,trade,no,16,-1
1767778492034662,orderbook_update,yes,11,5
1767778492043719,orderbook_update,yes,16,-1
1767778492724049,orderbook_update,no,75,200
1767778493000000,trade,no,16,-1
1767778493303094,orderbook_update,no,82,35
1767778493528443,orderbook_update,yes,16,-1
1767778494244768,orderbook_update,yes,14,21
1767778494246167,orderbook_update,no,82,56
1767778494246908,orderbook_update,yes,13,-72
1767778494248383,orderbook_update,no,83,-19
1767778494551418,orderbook_update,yes,14,-21
1767778494551761,orderbook_update,yes,15,23
1767778494552500,orderbook_update,no,82,-56
1767778494553665,orderbook_update,no,81,49
1767778494711879,orderbook_update,no,75,-200
1767778495000000,trade,no,16,-1
1767778495029135,orderbook_update,yes,16,-1
1767778495175945,orderbook_update,no,81,-100
1767778495175945,orderbook_update,no,79,100
1767778497233666,orderbook_update,no,82,5
1767778497933404,orderbook_update,no,82,-35
1767778497933404,orderbook_update,no,81,35
1767778499608657,orderbook_update,yes,4,200
1767778499936614,orderbook_update,no,71,200
1767778500404993,orderbook_update,yes,12,2
1767778500929275,orderbook_update,yes,16,36
1767778500930421,orderbook_update,yes,15,-23
1767778500930621,orderbook_update,no,80,32
1767778500931834,orderbook_update,no,81,-49
1767778500958816,orderbook_update,yes,16,-36
1767778500961390,orderbook_update,no,80,-32
1767778500994241,orderbook_update,yes,14,-100
1767778500994241,orderbook_update,yes,17,100
1767778501000000,trade,yes,18,-5
1767778501011817,orderbook_update,yes,17,26
1767778501012728,orderbook_update,no,79,36
1767778501051406,orderbook_update,yes,2,-35
1767778501051406,orderbook_update,yes,5,35
1767778501465858,orderbook_update,no,82,-5
1767778501465858,orderbook_update,yes,18,36
1767778501467015,orderbook_update,yes,17,-26
1767778501467244,orderbook_update,no,78,19
1767778501468342,orderbook_update,no,79,-36
1767778501510240,orderbook_update,no,75,-5000
1767778501654806,orderbook_update,no,72,5000
1767778502000000,trade,yes,19,-35
1767778502205901,orderbook_update,no,81,-35
1767778502205901,orderbook_update,yes,19,15
1767778502237505,orderbook_update,yes,17,-100
1767778502237505,orderbook_update,yes,18,100
1767778502294990,orderbook_update,yes,18,-36
1767778502295547,orderbook_update,yes,17,50
1767778502296201,orderbook_update,no,78,-19
1767778502297572,orderbook_update,no,79,15
1767778502349385,orderbook_update,yes,5,-35
1767778502349385,orderbook_update,yes,6,35
1767778502373346,orderbook_update,yes,17,-50
1767778502396643,orderbook_update,no,79,-15
1767778502400174,orderbook_update,yes,16,47
1767778502401824,orderbook_update,no,80,23
1767778503123215,orderbook_update,yes,11,-5
1767778503154052,orderbook_update,yes,18,-100
1767778503154052,orderbook_update,yes,17,100
1767778503157541,orderbook_update,yes,14,5
1767778503463577,orderbook_update,yes,6,-35
1767778503463577,orderbook_update,yes,5,35
1767778503511737,orderbook_update,yes,4,-200
1767778503919901,orderbook_update,no,71,-200
1767778504158368,orderbook_update,yes,14,-5
1767778504192315,orderbook_update,yes,12,5
1767778504730348,orderbook_update,no,80,35
1767778504882955,orderbook_update,yes,5,-35
1767778504882955,orderbook_update,yes,2,35
1767778505000000,trade,no,19,-15
1767778505000000,trade,yes,20,-9
1767778505231533,orderbook_update,yes,12,-5
1767778505265112,orderbook_update,yes,11,5
1767778505293037,orderbook_update,no,79,-100
1767778505293037,orderbook_update,no,80,100
1767778505582269,orderbook_update,yes,15,52
1767778505583158,orderbook_update,yes,19,-15
1767778505583158,orderbook_update,no,81,9
1767778505586747,orderbook_update,yes,16,-47
1767778505588408,orderbook_update,no,80,-23
1767778505597990,orderbook_update,no,81,-9
1767778505728998,orderbook_update,no,72,-5000
1767778505860397,orderbook_update,no,80,-9
1767778505875369,orderbook_update,no,75,5000
1767778506221228,orderbook_update,yes,17,-100
1767778506221228,orderbook_update,yes,16,100
1767778506471740,orderbook_update,no,80,-26
1767778506668663,orderbook_update,no,83,12
1767778507390039,orderbook_update,no,83,5
1767778509178647,orderbook_update,no,80,-100
1767778509178647,orderbook_update,no,81,100
1767778511172128,orderbook_update,yes,11,-5
1767778511205802,orderbook_update,yes,10,5
1767778513366671,orderbook_update,no,83,-5
1767778515943590,orderbook_update,yes,15,-52
1767778515945647,orderbook_update,yes,16,41
1767778515947054,orderbook_update,no,80,26
1767778516000000,trade,yes,17,-12
1767778516585172,orderbook_update,yes,16,-41
1767778516586196,orderbook_update,no,80,-26
1767778516586819,orderbook_update,no,83,-12
1767778516586819,orderbook_update,yes,17,18
1767778516588710,orderbook_update,no,79,31
1767778517152388,orderbook_update,no,81,-100
1767778517152388,orderbook_update,no,78,100
1767778517154261,orderbook_update,yes,16,-100
1767778517154261,orderbook_update,yes,17,100
1767778517487272,orderbook_update,no,81,5
1767778518000000,trade,no,17,-5
1767778518872195,orderbook_update,yes,10,-5
1767778518905092,orderbook_update,yes,14,5
1767778518906864,orderbook_update,yes,17,-5
1767778521196638,orderbook_update,yes,17,1
1767778521578866,orderbook_update,yes,16,56
1767778521579481,orderbook_update,yes,17,-13
1767778521580868,orderbook_update,no,80,15
1767778521581073,orderbook_update,no,79,-31
1767778521638323,orderbook_update,yes,16,-56
1767778521638993,orderbook_update,no,80,-15
1767778521640681,orderbook_update,yes,15,58
1767778521642165,orderbook_update,no,81,19
1767778522000000,trade,no,17,-1
1767778522000000,trade,no,16,-7
1767778522000000,trade,no,16,-32
1767778522146697,orderbook_update,no,78,-100
1767778522146697,orderbook_update,no,79,100
1767778522149930,orderbook_update,yes,17,-100
1767778522149930,orderbook_update,yes,16,100
1767778522269887,orderbook_update,no,82,11
1767778522270803,orderbook_update,no,81,-19
1767778522272084,orderbook_update,yes,15,-58
1767778522277875,orderbook_update,yes,14,55
1767778522291527,orderbook_update,no,82,-11
1767778522302982,orderbook_update,no,79,-100
1767778522302982,orderbook_update,no,80,100
1767778522310084,orderbook_update,yes,17,-1
1767778522310084,orderbook_update,no,83,12
1767778522310172,orderbook_update,yes,14,-5
1767778522354369,orderbook_update,yes,11,5
1767778522514725,orderbook_update,yes,12,61
1767778522515714,orderbook_update,yes,16,-7
1767778522515714,orderbook_update,yes,16,-32
1767778522516626,orderbook_update,yes,14,-55
1767778522518306,orderbook_update,no,83,-12
1767778522535499,orderbook_update,yes,12,-61
1767778522549239,orderbook_update,no,80,-100
1767778522549286,orderbook_update,yes,16,-68
1767778522564503,orderbook_update,yes,13,27
1767778522648856,orderbook_update,no,75,-5000
1767778522730221,orderbook_update,no,76,200
1767778522797334,orderbook_update,no,78,5000
1767778522897347,orderbook_update,yes,3,100
1767778522899104,orderbook_update,no,79,100
1767778522958833,orderbook_update,no,79,-100
1767778522958833,orderbook_update,no,80,100
1767778522997915,orderbook_update,no,80,-100
1767778522997915,orderbook_update,no,81,100
1767778523015802,orderbook_update,yes,3,-100
1767778523015802,orderbook_update,yes,4,100
1767778523126520,orderbook_update,yes,2,-35
1767778523126520,orderbook_update,yes,5,35
1767778523273952,orderbook_update,yes,4,-100
1767778523273952,orderbook_update,yes,6,100
1767778523314191,orderbook_update,yes,6,-100
1767778523314191,orderbook_update,yes,7,100
1767778523452610,orderbook_update,no,81,-5
1767778523528711,orderbook_update,yes,11,-5
1767778523566747,orderbook_update,yes,10,5
1767778524711707,orderbook_update,no,76,-200
1767778525145163,orderbook_update,no,79,200
1767778526171772,orderbook_update,yes,5,-35
1767778526171772,orderbook_update,yes,2,35
1767778527174593,orderbook_update,no,81,8
1767778527579679,orderbook_update,no,81,5
1767778527920238,orderbook_update,no,79,-200
1767778529548810,orderbook_update,yes,13,-27
1767778529549960,orderbook_update,yes,14,50
1767778529550824,orderbook_update,no,82,25
1767778530000000,trade,yes,18,-4
1767778530085649,orderbook_update,no,82,-4
1767778530333931,orderbook_update,no,78,200
1767778531178130,orderbook_update,yes,7,-100
1767778531178130,orderbook_update,yes,13,100
1767778531907378,orderbook_update,no,78,-200
1767778532724248,orderbook_update,no,76,200
1767778533043354,orderbook_update,yes,14,-50
1767778533044150,orderbook_update,no,82,-21
1767778533047842,orderbook_update,yes,15,24
1767778533049515,orderbook_update,no,81,40
1767778533311797,orderbook_update,no,81,-8
1767778533536816,orderbook_update,no,81,-5
1767778534311529,orderbook_update,no,76,-200
1767778535130886,orderbook_update,no,78,200
1767778535497250,orderbook_update,no,35,-89
1767778535497250,orderbook_update,no,55,89
1767778537138510,orderbook_update,no,78,-200
1767778537735083,orderbook_update,no,81,5
1767778538334341,orderbook_update,no,75,200
1767778539395349,orderbook_update,no,81,-40
1767778539396404,orderbook_update,no,82,8
1767778540039192,orderbook_update,yes,14,65
1767778540041794,orderbook_update,yes,15,-24
1767778541508282,orderbook_update,no,75,-200
1767778541932459,orderbook_update,no,79,200
1767778543616575,orderbook_update,no,81,-5
1767778545153355,orderbook_update,no,79,-200
1767778545556228,orderbook_update,no,78,200
1767778545993454,orderbook_update,yes,10,-5
1767778546032091,orderbook_update,yes,9,5
1767778547777614,orderbook_update,no,82,5
1767778549876307,orderbook_update,yes,14,-65
1767778549876773,orderbook_update,yes,16,30
1767778549877621,orderbook_update,no,82,-8
1767778549877902,orderbook_update,no,80,30
1767778549961564,orderbook_update,no,78,-5000
1767778550104793,orderbook_update,no,75,5000
1767778550308101,orderbook_update,no,78,-200
1767778550735164,orderbook_update,no,77,200
1767778551000000,trade,yes,18,-5
1767778551647665,orderbook_update,yes,17,34
1767778551647745,orderbook_update,yes,16,-30
1767778551648642,orderbook_update,no,80,-30
1767778551649244,orderbook_update,no,79,23
1767778551843543,orderbook_update,no,82,-5
1767778551843543,orderbook_update,yes,18,32
1767778551844462,orderbook_update,no,78,17
1767778551845074,orderbook_update,yes,17,-34
1767778551846585,orderbook_update,no,79,-23
1767778552217195,orderbook_update,no,81,-100
1767778552217195,orderbook_update,no,80,100
1767778552310108,orderbook_update,no,77,-200
