timestamp,event_type,side,price,quantity_change
1767731407802942,orderbook_update,yes,50,20
1767731407937272,orderbook_update,yes,40,1
1767731409672175,orderbook_update,no,45,20
1767731410028066,orderbook_update,no,45,6
1767731414147957,orderbook_update,no,40,1
1767731419000000,trade,no,50,-1
1767731419617833,orderbook_update,yes,50,-1
1767731422000000,trade,yes,55,-20
1767731422000000,trade,yes,55,-5
1767731422392636,orderbook_update,no,45,5
1767731422605210,orderbook_update,no,45,-20
1767731422605210,orderbook_update,no,45,-5
1767731425955895,orderbook_update,no,35,5
1767731430000000,trade,no,50,-1
1767731430149189,orderbook_update,yes,50,-1
1767731430584986,orderbook_update,yes,10,1
1767731435000000,trade,no,50,-18
1767731435022184,orderbook_update,yes,45,2
1767731435812850,orderbook_update,yes,44,21
1767731435813969,orderbook_update,yes,50,-18
1767731435813969,orderbook_update,no,51,25
1767731435979695,orderbook_update,no,52,1
1767731438350991,orderbook_update,yes,29,200
1767731438768203,orderbook_update,no,43,200
1767731438798417,orderbook_update,yes,44,-21
1767731438800092,orderbook_update,no,51,-25
1767731438806330,orderbook_update,yes,43,38
1767731438807912,orderbook_update,no,52,26
1767731438827119,orderbook_update,yes,43,-38
1767731438827909,orderbook_update,no,52,-26
1767731438842454,orderbook_update,yes,42,44
1767731438845215,orderbook_update,no,53,21
1767731439168602,orderbook_update,no,52,-1
1767731439737138,orderbook_update,yes,41,36
1767731439738050,orderbook_update,no,54,29
1767731439738304,orderbook_update,yes,42,-44
1767731439739773,orderbook_update,no,53,-21
1767731440778901,orderbook_update,yes,29,5000
1767731440780513,orderbook_update,no,44,5000
1767731441000000,trade,no,45,-1
1767731441140941,orderbook_update,yes,29,-200
1767731441302137,orderbook_update,yes,45,-1
1767731441568259,orderbook_update,yes,19,200
1767731442752766,orderbook_update,no,43,-200
1767731443183807,orderbook_update,no,53,200
1767731443835617,orderbook_update,yes,40,100
1767731443892465,orderbook_update,no,54,100
1767731444284857,orderbook_update,no,35,-5
1767731444786982,orderbook_update,yes,19,-200
1767731445152524,orderbook_update,yes,27,200
1767731445532549,orderbook_update,no,53,-200
1767731445948702,orderbook_update,no,45,200
1767731447000000,trade,yes,46,-2
1767731447062383,orderbook_update,no,54,-2
1767731448000000,trade,yes,46,-20
1767731448000000,trade,yes,46,-35
1767731448000000,trade,yes,46,-32
1767731448000000,trade,yes,46,-1
1767731448000000,trade,yes,48,-12
1767731448000000,trade,yes,53,-1
1767731448000000,trade,no,48,-17
1767731448013224,orderbook_update,yes,1,4600
1767731448242991,orderbook_update,yes,43,29
1767731448243839,orderbook_update,yes,41,-36
1767731448244980,orderbook_update,no,52,36
1767731448245441,orderbook_update,no,54,-27
1767731448256518,orderbook_update,no,54,-20
1767731448258024,orderbook_update,yes,43,-29
1767731448259843,orderbook_update,no,52,-36
1767731448278846,orderbook_update,yes,40,-100
1767731448278846,orderbook_update,yes,42,100
1767731448305148,orderbook_update,no,54,-35
1767731448306618,orderbook_update,no,45,29
1767731448321644,orderbook_update,no,45,-29
1767731448325231,orderbook_update,no,54,-32
1767731448328056,orderbook_update,yes,42,-100
1767731448343017,orderbook_update,no,54,-1
1767731448367585,orderbook_update,no,54,-12
1767731448367585,orderbook_update,no,52,12
1767731448379061,orderbook_update,no,52,-12
1767731448379061,orderbook_update,yes,48,21
1767731448380615,orderbook_update,no,47,31
1767731448385087,orderbook_update,yes,29,-5000
1767731448386352,orderbook_update,no,44,-5000
1767731448510631,orderbook_update,no,47,-1
1767731448528937,orderbook_update,yes,32,5000
1767731448530842,orderbook_update,no,41,5000
1767731448679251,orderbook_update,yes,32,-5000
1767731448680686,orderbook_update,no,41,-5000
1767731448817301,orderbook_update,yes,48,-17
1767731448961983,orderbook_update,yes,28,100
1767731448962144,orderbook_update,no,46,100
1767731449015627,orderbook_update,yes,28,-100
1767731449016651,orderbook_update,no,46,-100
1767731449098612,orderbook_update,no,44,1
1767731449271208,orderbook_update,yes,47,37
1767731449272182,orderbook_update,no,48,27
1767731449273146,orderbook_update,yes,48,-4
1767731449274757,orderbook_update,no,47,-30
1767731449443669,orderbook_update,no,47,100
1767731449443715,orderbook_update,yes,48,100
1767731449493231,orderbook_update,yes,48,-100
1767731449496743,orderbook_update,no,47,-100
1767731450000000,trade,yes,52,-5
1767731450232015,orderbook_update,no,48,-5
1767731450335331,orderbook_update,yes,27,-200
1767731450543174,orderbook_update,yes,48,100
1767731450581383,orderbook_update,yes,39,5000
1767731450582931,orderbook_update,no,34,5000
1767731450602454,orderbook_update,no,46,100
1767731450667762,orderbook_update,yes,48,-100
1767731450707264,orderbook_update,no,46,-100
1767731450725065,orderbook_update,yes,49,1
1767731450810136,orderbook_update,no,45,-200
1767731451712048,orderbook_update,yes,48,100
1767731451752922,orderbook_update,no,46,100
1767731451760021,orderbook_update,yes,48,-100
1767731451801320,orderbook_update,no,46,-100
1767731452807581,orderbook_update,yes,48,100
1767731452906931,orderbook_update,no,46,100
1767731453196628,orderbook_update,yes,40,200
1767731453558863,orderbook_update,no,35,200
1767731453999142,orderbook_update,yes,49,-1
1767731454053452,orderbook_update,yes,48,-100
1767731454053452,orderbook_update,yes,49,100
1767731454114184,orderbook_update,yes,49,-100
1767731454114184,orderbook_update,yes,50,100
1767731455134254,orderbook_update,yes,40,-200
1767731456000000,trade,yes,52,-9
1767731456054394,orderbook_update,no,46,-100
1767731456054394,orderbook_update,no,47,100
1767731456185794,orderbook_update,yes,50,-100
1767731456185794,orderbook_update,yes,49,100
1767731456334475,orderbook_update,no,35,-200
1767731456703641,orderbook_update,yes,50,1
1767731456970433,orderbook_update,no,48,-9
1767731457038220,orderbook_update,yes,49,-100
1767731457038220,orderbook_update,yes,50,100
1767731458811933,orderbook_update,yes,50,-100
1767731458811933,orderbook_update,yes,51,100
1767731458873729,orderbook_update,no,47,-100
1767731458873729,orderbook_update,no,45,100
1767731458885999,orderbook_update,yes,47,-37
1767731458886294,orderbook_update,yes,48,44
1767731458887332,orderbook_update,no,48,-13
1767731458887853,orderbook_update,no,47,20
1767731458904213,orderbook_update,yes,48,-44
1767731458907136,orderbook_update,no,47,-20
1767731458927033,orderbook_update,yes,50,24
1767731458928847,orderbook_update,no,45,39
1767731459032892,orderbook_update,yes,39,-5000
1767731459034447,orderbook_update,no,34,-5000
1767731459207021,orderbook_update,no,45,-100
1767731459207021,orderbook_update,no,44,100
1767731459222673,orderbook_update,yes,42,5000
1767731459224185,orderbook_update,no,31,5000
1767731459264650,orderbook_update,yes,51,-100
1767731459264650,orderbook_update,yes,52,100
1767731459599391,orderbook_update,yes,52,-100
1767731459599391,orderbook_update,yes,53,100
1767731459605974,orderbook_update,no,44,-100
1767731459605974,orderbook_update,no,42,100
1767731459654252,orderbook_update,yes,53,-100
1767731459654252,orderbook_update,yes,54,100
1767731459742895,orderbook_update,yes,51,29
1767731459743688,orderbook_update,yes,50,-24
1767731459744278,orderbook_update,no,44,35
1767731459744953,orderbook_update,no,45,-39
1767731459773857,orderbook_update,no,42,-100
1767731459773857,orderbook_update,no,40,100
1767731459838294,orderbook_update,yes,52,21
1767731459839871,orderbook_update,no,43,44
1767731459840517,orderbook_update,yes,51,-29
1767731459841332,orderbook_update,no,44,-35
1767731459879890,orderbook_update,yes,52,-21
1767731459887052,orderbook_update,no,43,-44
1767731459929313,orderbook_update,yes,53,32
1767731459930193,orderbook_update,no,42,32
1767731459969299,orderbook_update,no,31,-5000
1767731459986725,orderbook_update,yes,50,-1
1767731460000000,trade,no,54,-15
1767731460109797,orderbook_update,no,28,5000
1767731460206372,orderbook_update,yes,54,-15
1767731460265989,orderbook_update,yes,42,-5000
1767731460409214,orderbook_update,yes,45,5000
1767731460501875,orderbook_update,no,40,-100
1767731460523410,orderbook_update,yes,53,-32
1767731460526537,orderbook_update,yes,54,16
1767731460558066,orderbook_update,yes,54,-85
1767731460593738,orderbook_update,no,41,48
1767731460594230,orderbook_update,no,42,-32
1767731460855504,orderbook_update,no,39,100
1767731460856616,orderbook_update,yes,54,100
1767731460909081,orderbook_update,yes,54,-100
1767731460909081,orderbook_update,yes,46,100
1767731460973146,orderbook_update,yes,46,-100
1767731460973146,orderbook_update,yes,54,100
1767731461000000,trade,yes,55,-1
1767731461000000,trade,yes,55,-5
1767731461000000,trade,yes,56,-1
1767731461229980,orderbook_update,yes,54,-16
1767731461230742,orderbook_update,no,41,-48
1767731461236463,orderbook_update,yes,53,42
1767731461237737,orderbook_update,no,42,21
1767731461373178,orderbook_update,no,45,-1
1767731461373178,orderbook_update,no,45,-5
1767731461373178,orderbook_update,no,44,-1
1767731461373178,orderbook_update,yes,56,3
1767731461429313,orderbook_update,yes,54,-100
1767731461429313,orderbook_update,yes,55,100
1767731461494190,orderbook_update,yes,55,-100
1767731461494190,orderbook_update,yes,56,100
1767731461685784,orderbook_update,yes,46,200
1767731462099814,orderbook_update,yes,57,1
1767731462825861,orderbook_update,yes,56,-3
1767731463209436,orderbook_update,no,27,200
1767731465397820,orderbook_update,yes,57,-1
1767731466332105,orderbook_update,yes,46,-200
1767731466432903,orderbook_update,yes,54,16
1767731466438992,orderbook_update,yes,53,-42
1767731466458323,orderbook_update,no,39,-100
1767731466458323,orderbook_update,no,41,100
1767731466782245,orderbook_update,yes,45,200
1767731466938302,orderbook_update,no,41,48
1767731466938536,orderbook_update,no,42,-21
1767731467138379,orderbook_update,no,27,-200
1767731467559170,orderbook_update,no,29,200
1767731467586709,orderbook_update,yes,57,1
1767731469135200,orderbook_update,yes,45,-200
1767731469661879,orderbook_update,no,35,5
1767731470334513,orderbook_update,no,29,-200
1767731470890338,orderbook_update,yes,57,-1
1767731471000000,trade,no,56,-2
1767731471886257,orderbook_update,yes,56,-2
1767731472079965,orderbook_update,no,2,20
1767731472091672,orderbook_update,no,41,-100
1767731472091856,orderbook_update,yes,56,-98
1767731472623309,orderbook_update,yes,55,100
1767731472625120,orderbook_update,no,41,100
1767731473029572,orderbook_update,no,42,1
1767731474000000,trade,yes,58,-1
1767731474000000,trade,yes,59,-4
1767731474000000,trade,yes,56,-1
1767731474598563,orderbook_update,no,42,-1
1767731474598563,orderbook_update,no,41,-4
1767731474706907,orderbook_update,no,44,6
1767731474939270,orderbook_update,no,44,-1
1767731475973544,orderbook_update,yes,54,-16
1767731475974489,orderbook_update,yes,53,36
1767731475975360,orderbook_update,no,41,-44
1767731475975390,orderbook_update,no,42,28
1767731475985758,orderbook_update,yes,53,-36
1767731475986600,orderbook_update,no,42,-28
1767731476370318,orderbook_update,no,29,500
1767731476371230,orderbook_update,no,2,15000
1767731476409088,orderbook_update,yes,2,1000
1767731476411749,orderbook_update,no,42,200
1767731476411801,orderbook_update,no,41,200
1767731476412594,orderbook_update,yes,2,2000
1767731476413002,orderbook_update,yes,46,400
1767731476415620,orderbook_update,no,42,200
1767731476462591,orderbook_update,no,29,400
1767731476462665,orderbook_update,yes,2,1000
1767731476464180,orderbook_update,no,29,1000
1767731476464923,orderbook_update,yes,46,500
1767731476467085,orderbook_update,yes,2,15000
1767731476474583,orderbook_update,yes,47,200
1767731476627215,orderbook_update,no,42,20
1767731476669514,orderbook_update,no,41,-200
1767731476670303,orderbook_update,no,42,-200
1767731476722776,orderbook_update,no,43,200
1767731476723899,orderbook_update,no,43,200
1767731476734770,orderbook_update,no,30,20
1767731476780520,orderbook_update,no,42,-20
1767731476781995,orderbook_update,no,30,-20
1767731476837427,orderbook_update,no,43,-200
1767731476838902,orderbook_update,no,43,-200
1767731476886145,orderbook_update,no,41,200
1767731476949772,orderbook_update,no,42,200
1767731477000000,trade,no,55,-1
1767731477139920,orderbook_update,yes,55,-1
1767731477159759,orderbook_update,no,29,-400
1767731477211834,orderbook_update,no,41,400
1767731477247953,orderbook_update,no,42,20
1767731477271954,orderbook_update,yes,55,-99
1767731477275494,orderbook_update,yes,51,30
1767731477276245,orderbook_update,no,44,34
1767731477279626,orderbook_update,no,41,-100
1767731477303795,orderbook_update,no,41,-200
1767731477304564,orderbook_update,no,42,-200
1767731477320363,orderbook_update,yes,47,-200
1767731477334181,orderbook_update,no,41,-400
1767731477352648,orderbook_update,no,42,-200
1767731477363322,orderbook_update,yes,51,200
1767731477383348,orderbook_update,no,42,-20
1767731477384638,orderbook_update,no,30,20
1767731477387575,orderbook_update,no,29,400
1767731477395256,orderbook_update,no,45,200
1767731477395308,orderbook_update,no,44,200
1767731477397653,orderbook_update,no,45,200
1767731477602817,orderbook_update,yes,52,100
1767731477602890,orderbook_update,no,40,100
1767731477652696,orderbook_update,no,29,-400
1767731477668531,orderbook_update,yes,52,-100
1767731477668531,orderbook_update,yes,53,100
1767731477701069,orderbook_update,no,41,400
1767731477706796,orderbook_update,no,45,20
1767731477708515,orderbook_update,no,30,-20
1767731477728755,orderbook_update,yes,53,-100
1767731477728755,orderbook_update,yes,54,100
1767731477753662,orderbook_update,no,45,-200
1767731477757053,orderbook_update,no,44,-200
1767731477804592,orderbook_update,no,45,200
1767731477805359,orderbook_update,no,44,200
1767731477861282,orderbook_update,no,45,-20
1767731477861444,orderbook_update,no,42,20
1767731478943007,orderbook_update,yes,51,-200
1767731478944051,orderbook_update,yes,46,-400
1767731478962860,orderbook_update,no,40,-100
1767731478962860,orderbook_update,no,42,100
1767731478964182,orderbook_update,yes,54,-100
1767731478964182,orderbook_update,yes,52,100
1767731478992238,orderbook_update,yes,2,400
1767731478993828,orderbook_update,yes,47,200
1767731479000000,trade,yes,53,-1
1767731479005050,orderbook_update,yes,30,50
1767731479015431,orderbook_update,no,42,-20
1767731479018570,orderbook_update,no,41,-400
1767731479020086,orderbook_update,no,42,-100
1767731479020086,orderbook_update,no,45,100
1767731479022034,orderbook_update,yes,52,-100
1767731479022034,orderbook_update,yes,51,100
1767731479030992,orderbook_update,no,29,-1000
1767731479039327,orderbook_update,no,20,50
1767731479046024,orderbook_update,no,29,2000
1767731479053506,orderbook_update,yes,2,-400
1767731479063230,orderbook_update,no,43,400
1767731479076943,orderbook_update,no,45,20
1767731479078598,orderbook_update,no,44,-200
1767731479080337,orderbook_update,no,45,-200
1767731479080917,orderbook_update,no,29,1000
1767731479109928,orderbook_update,no,43,-400
1767731479130349,orderbook_update,no,46,200
1767731479132977,orderbook_update,no,46,200
1767731479134025,orderbook_update,no,45,-20
1767731479161705,orderbook_update,yes,31,400
1767731479226753,orderbook_update,no,45,400
1767731479467424,orderbook_update,no,46,20
1767731479516580,orderbook_update,no,46,-200
1767731479518019,orderbook_update,no,45,-200
1767731479569543,orderbook_update,no,47,200
1767731479570943,orderbook_update,no,47,200
1767731479752783,orderbook_update,no,47,-1
1767731480000000,trade,no,51,-2
1767731480955732,orderbook_update,yes,51,-2
1767731481653901,orderbook_update,no,35,-5
1767731481959761,orderbook_update,no,48,1
1767731484000000,trade,no,51,-2
1767731484573351,orderbook_update,yes,51,-2
1767731485000000,trade,yes,53,-18
1767731485000000,trade,yes,53,-114
1767731485247404,orderbook_update,no,48,-1
1767731485896392,orderbook_update,no,47,-18
1767731485963482,orderbook_update,no,47,-114
1767731486024342,orderbook_update,no,45,-400
1767731486072611,orderbook_update,no,29,400
1767731487879842,orderbook_update,yes,51,-100
1767731487879842,orderbook_update,yes,52,100
1767731487883857,orderbook_update,no,45,-100
1767731487883857,orderbook_update,no,43,100
1767731487932140,orderbook_update,no,29,-400
1767731487977610,orderbook_update,no,43,400
1767731487985469,orderbook_update,no,46,-20
1767731487988684,orderbook_update,no,45,20
1767731488036723,orderbook_update,no,47,-200
1767731488043568,orderbook_update,no,47,-67
1767731488085428,orderbook_update,yes,53,1
1767731488091018,orderbook_update,no,45,200
1767731488092710,orderbook_update,no,46,200
1767731488107284,orderbook_update,yes,52,-100
1767731488107284,orderbook_update,yes,53,100
1767731488144578,orderbook_update,no,45,-20
1767731488145367,orderbook_update,no,44,20
1767731488255138,orderbook_update,no,46,-200
1767731488292230,orderbook_update,no,46,-200
1767731488357365,orderbook_update,no,44,200
1767731488358752,orderbook_update,no,45,200
1767731492525486,orderbook_update,yes,51,-26
1767731492526012,orderbook_update,yes,50,34
1767731492526400,orderbook_update,no,44,-34
1767731492526820,orderbook_update,no,45,29
1767731492538343,orderbook_update,yes,50,-34
1767731492539866,orderbook_update,no,45,-29
1767731492576033,orderbook_update,no,45,-200
1767731492576985,orderbook_update,no,44,-200
1767731492624893,orderbook_update,no,44,200
1767731492627137,orderbook_update,no,45,200
1767731492713412,orderbook_update,yes,45,-5000
1767731492714832,orderbook_update,no,28,-5000
1767731492768306,orderbook_update,yes,46,-500
1767731492768691,orderbook_update,no,29,-1000
1767731492769993,orderbook_update,no,29,-2000
1767731492770621,orderbook_update,yes,47,-200
1767731492771942,orderbook_update,no,29,-500
1767731492819826,orderbook_update,yes,32,200
1767731492820075,orderbook_update,yes,2,500
1767731492873253,orderbook_update,yes,32,20
1767731492924875,orderbook_update,yes,32,-200
1767731492973619,orderbook_update,yes,34,200
1767731494573041,orderbook_update,yes,39,5000
1767731494578184,orderbook_update,no,33,5000
1767731494626196,orderbook_update,yes,2,-1000
1767731494626399,orderbook_update,yes,2,-500
1767731494627202,orderbook_update,yes,34,-200
1767731494628104,orderbook_update,no,34,500
1767731494628958,orderbook_update,yes,31,-400
1767731494629265,orderbook_update,no,34,1000
1767731494678279,orderbook_update,yes,41,200
1767731494678884,orderbook_update,yes,39,1000
1767731494679644,orderbook_update,yes,32,-20
1767731494680349,orderbook_update,yes,40,400
1767731494681080,orderbook_update,yes,40,20
1767731494681375,orderbook_update,yes,40,500
1767731494731434,orderbook_update,yes,41,-200
1767731494782860,orderbook_update,yes,42,200
1767731495000000,trade,no,53,-1
1767731495000000,trade,no,53,-28
1767731495000000,trade,no,49,-1
1767731495441512,orderbook_update,yes,48,35
1767731495442512,orderbook_update,yes,53,-1
1767731495442512,orderbook_update,yes,53,-28
1767731495508466,orderbook_update,yes,42,-200
1767731495554354,orderbook_update,yes,53,-72
1767731495554833,orderbook_update,no,43,-100
1767731495560021,orderbook_update,yes,49,200
1767731495571051,orderbook_update,yes,49,32
1767731495573234,orderbook_update,no,46,33
1767731495575971,orderbook_update,yes,48,-35
1767731495603348,orderbook_update,no,43,-400
1767731495621680,orderbook_update,no,45,-200
1767731495623205,orderbook_update,no,45,-200
1767731495626059,orderbook_update,no,44,-200
1767731495667580,orderbook_update,no,34,400
1767731495673433,orderbook_update,no,44,-20
1767731495676673,orderbook_update,no,35,20
1767731495686483,orderbook_update,no,47,200
1767731495689718,orderbook_update,no,46,200
1767731495689855,orderbook_update,no,47,200
1767731495717918,orderbook_update,yes,49,-1
1767731495967962,orderbook_update,no,43,100
1767731496018342,orderbook_update,no,34,-400
1767731496023061,orderbook_update,no,47,6
1767731496027683,orderbook_update,yes,50,100
1767731496070713,orderbook_update,no,43,400
1767731496071653,orderbook_update,no,47,20
1767731496079143,orderbook_update,no,35,-20
1767731496119886,orderbook_update,no,47,-200
1767731496121514,orderbook_update,no,46,-200
1767731496161850,orderbook_update,no,48,200
1767731496163128,orderbook_update,no,48,200
1767731496225307,orderbook_update,no,44,20
1767731496231615,orderbook_update,no,47,-20
1767731496276212,orderbook_update,yes,49,-199
1767731496288805,orderbook_update,no,48,-200
1767731496290666,orderbook_update,no,48,-200
1767731496298293,orderbook_update,yes,50,-100
1767731496298293,orderbook_update,yes,51,100
1767731496328689,orderbook_update,yes,50,200
1767731496336857,orderbook_update,no,47,200
1767731496339445,orderbook_update,no,46,200
1767731496357368,orderbook_update,yes,51,-100
1767731496357368,orderbook_update,yes,52,100
1767731497000000,trade,no,52,-1
1767731497060432,orderbook_update,yes,45,4
1767731497924006,orderbook_update,yes,52,-1
1767731497937535,orderbook_update,yes,52,30
1767731497938309,orderbook_update,no,41,30
1767731497976741,orderbook_update,no,43,-100
1767731497983170,orderbook_update,yes,52,-99
1767731498000000,trade,yes,53,-6
1767731498028946,orderbook_update,no,43,-400
1767731498083060,orderbook_update,no,34,400
1767731498374986,orderbook_update,no,44,-5
1767731498374986,orderbook_update,no,45,5
1767731498449253,orderbook_update,yes,52,100
1767731498449733,orderbook_update,no,43,100
1767731498495573,orderbook_update,no,34,-400
1767731498541302,orderbook_update,no,43,400
1767731498850611,orderbook_update,no,43,-400
1767731498854801,orderbook_update,yes,39,-1000
1767731498864118,orderbook_update,yes,50,-200
1767731498865511,orderbook_update,no,47,-200
1767731498866862,orderbook_update,no,47,-200
1767731498892430,orderbook_update,no,43,-100
1767731498892430,orderbook_update,no,41,100
1767731498893907,orderbook_update,no,34,-1000
1767731498906359,orderbook_update,no,34,400
1767731498907524,orderbook_update,yes,40,1000
1767731498917036,orderbook_update,no,47,-6
1767731498917036,orderbook_update,yes,53,194
1767731498917318,orderbook_update,no,46,-200
1767731498928697,orderbook_update,no,20,-50
1767731498928697,orderbook_update,no,10,50
1767731498933709,orderbook_update,no,34,1000
1767731498941853,orderbook_update,no,41,-100
1767731498941853,orderbook_update,no,39,100
1767731498952839,orderbook_update,yes,50,30
1767731498953368,orderbook_update,yes,49,-32
1767731498954332,orderbook_update,no,45,34
1767731498954852,orderbook_update,no,46,-33
1767731498967120,orderbook_update,yes,50,-30
1767731498968427,orderbook_update,no,45,-34
1767731498971069,orderbook_update,no,43,200
1767731498973109,orderbook_update,no,44,200
1767731498981971,orderbook_update,no,44,-20
1767731498982558,orderbook_update,no,35,20
1767731498988053,orderbook_update,yes,52,30
1767731498988907,orderbook_update,no,43,35
1767731498991398,orderbook_update,no,34,-1000
1767731499000000,trade,yes,55,-5
1767731499000000,trade,yes,57,-23
1767731499000000,trade,no,59,-4
1767731499004632,orderbook_update,yes,52,-30
1767731499004796,orderbook_update,no,40,37
1767731499005377,orderbook_update,no,43,-35
1767731499018167,orderbook_update,yes,52,-100
1767731499018167,orderbook_update,yes,54,100
1767731499019214,orderbook_update,no,44,-200
1767731499022816,orderbook_update,no,45,-5
1767731499022816,orderbook_update,yes,55,33
1767731499022991,orderbook_update,no,40,-37
1767731499029016,orderbook_update,yes,54,1
1767731499033902,orderbook_update,yes,55,-33
1767731499040461,orderbook_update,no,43,-23
1767731499041692,orderbook_update,no,38,44
1767731499055031,orderbook_update,yes,56,33
1767731499056694,orderbook_update,no,39,33
1767731499056989,orderbook_update,no,38,-44
1767731499083974,orderbook_update,no,43,-177
1767731499096158,orderbook_update,yes,39,-5000
1767731499097509,orderbook_update,no,33,-5000
1767731499130139,orderbook_update,yes,52,-30
1767731499132697,orderbook_update,no,41,-30
1767731499135588,orderbook_update,yes,2,-2000
1767731499141372,orderbook_update,no,39,-100
1767731499141372,orderbook_update,no,37,100
1767731499148127,orderbook_update,yes,53,30
1767731499148127,orderbook_update,yes,54,-100
1767731499148127,orderbook_update,yes,56,100
1767731499148199,orderbook_update,no,34,-400
1767731499149402,orderbook_update,no,34,-500
1767731499149619,orderbook_update,no,40,30
1767731499150459,orderbook_update,yes,40,-500
1767731499150534,orderbook_update,yes,40,-400
1767731499157663,orderbook_update,yes,30,-50
1767731499157663,orderbook_update,yes,40,50
1767731499161995,orderbook_update,yes,53,-194
1767731499177131,orderbook_update,yes,2,2000
1767731499191803,orderbook_update,no,37,-100
1767731499191803,orderbook_update,no,35,100
1767731499208340,orderbook_update,no,40,200
1767731499210685,orderbook_update,yes,40,-1000
1767731499211125,orderbook_update,yes,57,200
1767731499211792,orderbook_update,no,39,200
1767731499212244,orderbook_update,no,40,200
1767731499223437,orderbook_update,yes,57,21
1767731499224552,orderbook_update,no,38,46
1767731499232830,orderbook_update,yes,56,-33
1767731499234084,orderbook_update,no,39,-33
1767731499258732,orderbook_update,yes,2,1000
1767731499259651,orderbook_update,yes,41,400
1767731499261176,orderbook_update,yes,2,500
1767731499264191,orderbook_update,no,35,400
1767731499267200,orderbook_update,yes,40,-20
1767731499272110,orderbook_update,no,35,-20
1767731499277786,orderbook_update,yes,56,-100
1767731499277786,orderbook_update,yes,58,100
1767731499279439,orderbook_update,no,3,20
1767731499281905,orderbook_update,yes,57,-200
1767731499332863,orderbook_update,yes,58,200
1767731499337815,orderbook_update,yes,58,-100
1767731499337815,orderbook_update,yes,59,100
1767731499357703,orderbook_update,yes,57,-21
1767731499357829,orderbook_update,yes,58,22
1767731499358671,orderbook_update,no,38,-46
1767731499359564,orderbook_update,no,37,45
1767731499391124,orderbook_update,no,3,-20
1767731499800316,orderbook_update,yes,59,-4
1767731500000000,trade,yes,60,-1
1767731500002383,orderbook_update,yes,58,-200
1767731500002421,orderbook_update,no,40,-200
1767731500004829,orderbook_update,no,40,-200
1767731500005673,orderbook_update,no,35,-400
1767731500044877,orderbook_update,yes,2,1000
1767731500054539,orderbook_update,no,39,-200
1767731500056296,orderbook_update,yes,59,200
1767731500094885,orderbook_update,no,36,200
1767731500094894,orderbook_update,no,35,200
1767731500096924,orderbook_update,no,36,200
1767731500108121,orderbook_update,yes,53,-30
1767731500109108,orderbook_update,no,40,-30
1767731500112310,orderbook_update,no,11,400
1767731500128304,orderbook_update,yes,58,30
1767731500129683,orderbook_update,no,35,30
1767731500142965,orderbook_update,yes,59,-96
1767731500143899,orderbook_update,no,35,-100
1767731500152740,orderbook_update,no,10,-50
1767731500159291,orderbook_update,yes,59,-200
1767731500180684,orderbook_update,yes,58,-22
1767731500180964,orderbook_update,yes,57,41
1767731500181591,orderbook_update,no,37,-45
1767731500182377,orderbook_update,no,38,25
1767731500185114,orderbook_update,yes,42,20
1767731500192120,orderbook_update,no,36,20
1767731500208359,orderbook_update,yes,59,200
1767731500211829,orderbook_update,no,11,-400
1767731500213910,orderbook_update,no,2,-15000
1767731500237098,orderbook_update,yes,42,-20
1767731500268875,orderbook_update,yes,41,20
1767731500290609,orderbook_update,yes,3,20
1767731500297731,orderbook_update,yes,41,20
1767731500341646,orderbook_update,yes,3,-20
1767731500372167,orderbook_update,yes,41,-20
1767731500678883,orderbook_update,no,33,100
1767731500680765,orderbook_update,yes,59,100
1767731500736350,orderbook_update,yes,59,-200
1767731500789139,orderbook_update,no,40,-1
1767731500789139,orderbook_update,yes,60,199
1767731500836336,orderbook_update,no,35,-200
1767731500841105,orderbook_update,no,36,-200
1767731500845369,orderbook_update,yes,59,-100
1767731500845369,orderbook_update,yes,61,100
1767731500886795,orderbook_update,no,36,-20
1767731500891863,orderbook_update,no,37,200
1767731500900671,orderbook_update,yes,60,-199
1767731500947293,orderbook_update,yes,41,-20
1767731500956714,orderbook_update,yes,61,200
1767731501066713,orderbook_update,yes,61,-200
1767731501070229,orderbook_update,no,37,200
1767731501079926,orderbook_update,no,33,-100
1767731501079926,orderbook_update,no,32,100
1767731501106347,orderbook_update,yes,61,200
1767731501117755,orderbook_update,no,37,-200
1767731501120513,orderbook_update,no,37,-200
1767731501135872,orderbook_update,yes,58,-30
1767731501136859,orderbook_update,no,35,-30
1767731501147788,orderbook_update,yes,50,5000
1767731501148716,orderbook_update,no,22,5000
1767731501152620,orderbook_update,yes,59,30
1767731501154033,orderbook_update,no,34,30
1767731501165824,orderbook_update,no,35,200
1767731501188222,orderbook_update,no,32,400
1767731501206388,orderbook_update,no,23,500
1767731501208239,orderbook_update,yes,2,-1000
1767731501208674,orderbook_update,no,2,15000
1767731501209046,orderbook_update,yes,2,-500
1767731501209940,orderbook_update,no,23,1000
1767731501215963,orderbook_update,no,36,200
1767731501216414,orderbook_update,yes,41,-400
1767731501270486,orderbook_update,yes,51,500
1767731501271739,orderbook_update,yes,51,400
1767731501273141,orderbook_update,yes,51,20
1767731501273174,orderbook_update,yes,51,1000
1767731501289294,orderbook_update,no,23,20
1767731501295415,orderbook_update,no,33,20
1767731501340685,orderbook_update,no,23,-20
1767731502086820,orderbook_update,no,36,-200
1767731502088823,orderbook_update,no,36,-200
1767731502090505,orderbook_update,no,32,-400
1767731502155584,orderbook_update,no,34,200
1767731502157124,orderbook_update,no,23,400
1767731502158215,orderbook_update,no,35,200
1767731502201011,orderbook_update,no,33,-20
1767731502211218,orderbook_update,no,34,-200
1767731502229010,orderbook_update,no,35,-200
1767731502252803,orderbook_update,no,32,-100
1767731502252803,orderbook_update,no,33,100
1767731502269146,orderbook_update,no,33,20
1767731502276811,orderbook_update,no,36,200
1767731502279368,orderbook_update,no,36,200
1767731502296155,orderbook_update,no,35,20
1767731502306821,orderbook_update,yes,54,-1
1767731502373534,orderbook_update,no,33,-20
1767731502397798,orderbook_update,no,35,-20
1767731502492709,orderbook_update,no,36,-200
1767731502493723,orderbook_update,no,36,-200
1767731502494416,orderbook_update,yes,61,-200
1767731502499573,orderbook_update,yes,51,-1000
1767731502503503,orderbook_update,no,35,-200
1767731502551674,orderbook_update,no,24,20
1767731502557909,orderbook_update,no,38,200
1767731502560473,orderbook_update,yes,60,200
1767731502562859,orderbook_update,yes,50,1000
1767731502613742,orderbook_update,no,37,200
1767731503099485,orderbook_update,no,33,-100
1767731503099485,orderbook_update,no,32,100
1767731503146832,orderbook_update,no,38,-200
1767731503148183,orderbook_update,yes,60,-200
1767731503152105,orderbook_update,no,37,-200
1767731503152487,orderbook_update,yes,50,-1000
1767731503246244,orderbook_update,no,36,200
1767731503246966,orderbook_update,no,35,200
1767731503247572,orderbook_update,yes,61,200
1767731503247627,orderbook_update,no,36,200
1767731503251107,orderbook_update,yes,51,1000
1767731503299879,orderbook_update,no,36,20
1767731503300730,orderbook_update,no,24,-20
1767731503835382,orderbook_update,no,36,-200
1767731503838034,orderbook_update,no,35,-200
1767731503883283,orderbook_update,no,37,200
1767731503888859,orderbook_update,no,36,-20
1767731503936521,orderbook_update,no,37,-200
1767731503942740,orderbook_update,no,33,20
1767731503954532,orderbook_update,no,24,20
1767731503975905,orderbook_update,no,35,200
1767731503979280,orderbook_update,no,36,200
1767731503990139,orderbook_update,no,33,-20
1767731504000000,trade,yes,62,-15
1767731504000000,trade,yes,63,-1
1767731504021161,orderbook_update,no,23,-400
1767731504025921,orderbook_update,no,36,20
1767731504030018,orderbook_update,no,36,-200
1767731504030824,orderbook_update,yes,61,-200
1767731504031106,orderbook_update,no,35,-200
1767731504033333,orderbook_update,no,36,-200
1767731504034282,orderbook_update,no,32,-100
1767731504034282,orderbook_update,no,33,100
1767731504034368,orderbook_update,yes,51,-1000
1767731504073235,orderbook_update,no,33,400
1767731504080775,orderbook_update,no,33,20
1767731504081341,orderbook_update,yes,50,1000
1767731504081593,orderbook_update,no,36,-20
1767731504082060,orderbook_update,no,38,200
1767731504082457,orderbook_update,yes,60,200
1767731504082510,orderbook_update,no,37,200
1767731504084308,orderbook_update,no,24,-20
1767731504137760,orderbook_update,no,38,200
1767731504141246,orderbook_update,no,24,20
1767731504181224,orderbook_update,no,33,-20
1767731504186637,orderbook_update,no,24,-20
1767731504275387,orderbook_update,no,37,-200
1767731504276662,orderbook_update,yes,60,-200
1767731504276824,orderbook_update,no,38,-200
1767731504276890,orderbook_update,no,33,-400
1767731504277148,orderbook_update,no,38,-200
1767731504277883,orderbook_update,yes,50,-1000
1767731504319952,orderbook_update,no,33,-100
1767731504319952,orderbook_update,no,32,100
1767731504327408,orderbook_update,no,36,200
1767731504328175,orderbook_update,yes,51,1000
1767731504328258,orderbook_update,no,36,200
1767731504328604,orderbook_update,no,23,400
1767731504329159,orderbook_update,yes,61,200
1767731504330212,orderbook_update,no,35,200
1767731504372274,orderbook_update,no,34,20
1767731504376680,orderbook_update,no,23,-400
1767731504420755,orderbook_update,no,32,400
1767731504432929,orderbook_update,no,38,-15
1767731504470908,orderbook_update,no,36,20
1767731504471580,orderbook_update,no,34,-20
1767731504482709,orderbook_update,no,36,-200
1767731504484353,orderbook_update,no,36,-200
1767731504535714,orderbook_update,no,35,-200
1767731504583546,orderbook_update,no,37,200
1767731504583989,orderbook_update,no,36,-20
1767731504585384,orderbook_update,no,36,200
1767731504590117,orderbook_update,no,37,200
1767731504633421,orderbook_update,no,37,-200
1767731504634827,orderbook_update,no,36,-200
1767731504635779,orderbook_update,no,37,-200
1767731504685945,orderbook_update,no,35,200
1767731504686856,orderbook_update,no,34,200
1767731504687943,orderbook_update,no,35,200
1767731504712616,orderbook_update,yes,57,-41
1767731504714208,orderbook_update,no,38,-10
1767731504715462,orderbook_update,yes,58,27
1767731504716936,orderbook_update,no,37,41
1767731504762014,orderbook_update,yes,61,-100
1767731504762014,orderbook_update,yes,62,100
1767731504765659,orderbook_update,no,35,-200
1767731504767152,orderbook_update,no,34,-200
1767731504821797,orderbook_update,no,35,-200
1767731504869604,orderbook_update,no,37,200
1767731504869895,orderbook_update,no,37,200
1767731504870773,orderbook_update,no,36,200
1767731504916381,orderbook_update,no,37,-1
1767731504944210,orderbook_update,no,33,20
1767731505307811,orderbook_update,yes,61,-200
1767731505309677,orderbook_update,no,37,-200
1767731505309706,orderbook_update,no,37,-200
1767731505312408,orderbook_update,no,32,-400
1767731505360042,orderbook_update,no,23,400
1767731505360157,orderbook_update,no,36,200
1767731505360365,orderbook_update,yes,62,200
1767731505363197,orderbook_update,no,24,20
1767731505370473,orderbook_update,no,35,200
1767731505421110,orderbook_update,no,33,-20
1767731505475743,orderbook_update,no,36,20
1767731505479600,orderbook_update,no,24,-20
1767731505963951,orderbook_update,no,35,-200
1767731505964626,orderbook_update,no,36,-200
1767731505965389,orderbook_update,yes,62,-200
1767731505970058,orderbook_update,no,23,-400
1767731505987002,orderbook_update,no,32,-100
1767731505987002,orderbook_update,no,33,100
1767731505988586,orderbook_update,yes,51,-1000
1767731506000000,trade,yes,63,-7
1767731506016129,orderbook_update,yes,60,200
1767731506017859,orderbook_update,no,36,-20
1767731506018602,orderbook_update,no,32,400
1767731506019365,orderbook_update,no,37,200
1767731506020198,orderbook_update,no,37,200
1767731506036761,orderbook_update,yes,50,1000
1767731506068135,orderbook_update,no,32,-400
1767731506069175,orderbook_update,no,33,20
1767731506071516,orderbook_update,no,33,20
1767731506074084,orderbook_update,no,24,20
1767731506114434,orderbook_update,no,33,-20
1767731506124727,orderbook_update,no,24,-20
1767731506133073,orderbook_update,no,37,20
1767731506171641,orderbook_update,no,33,-20
1767731506177925,orderbook_update,no,33,400
1767731506218952,orderbook_update,no,33,-400
1767731506241135,orderbook_update,yes,60,-200
1767731506243258,orderbook_update,yes,50,-1000
1767731506263757,orderbook_update,no,23,400
1767731506292548,orderbook_update,yes,51,1000
1767731506292870,orderbook_update,yes,61,200
1767731506707089,orderbook_update,no,37,-7
1767731506758183,orderbook_update,yes,61,-200
1767731506760171,orderbook_update,yes,51,-1000
1767731506808169,orderbook_update,no,23,-400
1767731506809001,orderbook_update,yes,50,1000
1767731506810216,orderbook_update,yes,60,200
1767731506860337,orderbook_update,no,33,400
1767731506878968,orderbook_update,yes,50,-1000
1767731506880620,orderbook_update,yes,2,-1000
1767731506883014,orderbook_update,yes,60,-200
1767731506934120,orderbook_update,yes,1,1000
1767731506934447,orderbook_update,yes,2,1000
1767731506934652,orderbook_update,yes,59,200
1767731506951634,orderbook_update,no,33,-100
1767731506951634,orderbook_update,no,34,100
1767731506962984,orderbook_update,yes,62,-100
1767731506962984,orderbook_update,yes,61,100
1767731506975934,orderbook_update,no,33,-400
1767731506985418,orderbook_update,yes,1,-1000
1767731506985794,orderbook_update,yes,59,-200
1767731507000000,trade,no,59,-1
1767731507000000,trade,yes,62,-3
1767731507002964,orderbook_update,no,34,-100
1767731507002964,orderbook_update,no,37,100
1767731507006427,orderbook_update,no,22,2000
1767731507017519,orderbook_update,yes,61,-100
1767731507017519,orderbook_update,yes,59,100
1767731507019524,orderbook_update,no,37,-200
1767731507019734,orderbook_update,no,36,-200
1767731507026627,orderbook_update,no,35,400
1767731507071361,orderbook_update,no,22,-2000
1767731507071490,orderbook_update,no,24,20
1767731507071904,orderbook_update,no,38,200
1767731507075714,orderbook_update,no,36,20
1767731507081352,orderbook_update,no,35,-400
1767731507093299,orderbook_update,no,38,200
1767731507095570,orderbook_update,yes,53,200
1767731507118840,orderbook_update,no,24,-20
1767731507119430,orderbook_update,yes,59,-30
1767731507120601,orderbook_update,no,34,-30
1767731507127441,orderbook_update,no,37,-20
1767731507129557,orderbook_update,yes,59,-1
1767731507136365,orderbook_update,no,23,400
1767731507140826,orderbook_update,yes,58,30
1767731507142166,orderbook_update,no,35,30
1767731507142512,orderbook_update,no,38,20
1767731507147197,orderbook_update,yes,53,-200
1767731507164577,orderbook_update,yes,1,1000
1767731507175379,orderbook_update,no,37,-100
1767731507175379,orderbook_update,no,35,100
1767731507185885,orderbook_update,yes,59,-99
1767731507197427,orderbook_update,no,37,-200
1767731507197498,orderbook_update,no,38,-200
1767731507199178,orderbook_update,yes,58,200
1767731507200030,orderbook_update,no,36,-20
1767731507229722,orderbook_update,no,35,-100
1767731507244838,orderbook_update,no,38,-20
1767731507254216,orderbook_update,no,39,200
1767731507264488,orderbook_update,no,39,200
1767731507295280,orderbook_update,no,24,20
1767731507315173,orderbook_update,no,39,-200
1767731507373390,orderbook_update,no,39,-200
1767731507427154,orderbook_update,no,37,200
1767731507427857,orderbook_update,no,38,200
1767731507721941,orderbook_update,yes,1,-1000
1767731507805801,orderbook_update,no,36,100
1767731507866163,orderbook_update,yes,59,100
1767731507904809,orderbook_update,yes,58,-200
1767731507907089,orderbook_update,yes,1,1000
1767731507909787,orderbook_update,no,38,20
1767731507917079,orderbook_update,no,24,-20
1767731507925486,orderbook_update,yes,59,-100
1767731507925486,orderbook_update,yes,60,100
1767731507949665,orderbook_update,no,38,-3
1767731507953093,orderbook_update,yes,1,-1000
1767731507955754,orderbook_update,yes,58,200
1767731507963963,orderbook_update,no,38,-200
1767731507964025,orderbook_update,no,37,-200
1767731508007146,orderbook_update,no,39,200
1767731508007296,orderbook_update,no,39,200
1767731508071826,orderbook_update,no,38,-20
1767731508129601,orderbook_update,no,39,-200
1767731508131856,orderbook_update,no,39,-200
1767731508150243,orderbook_update,yes,58,-30
1767731508151795,orderbook_update,no,35,-30
1767731508152274,orderbook_update,no,39,20
1767731508165599,orderbook_update,yes,56,30
1767731508167089,orderbook_update,no,37,30
1767731508176960,orderbook_update,no,37,20
1767731508177466,orderbook_update,no,37,200
1767731508177644,orderbook_update,no,38,200
1767731508180595,orderbook_update,no,24,20
1767731508197803,orderbook_update,no,39,-20
1767731508222612,orderbook_update,no,37,-20
1767731508228309,orderbook_update,no,37,-200
1767731508229037,orderbook_update,no,24,-20
1767731508229376,orderbook_update,no,38,-200
1767731508266708,orderbook_update,yes,58,-200
1767731508269547,orderbook_update,yes,1,1000
1767731508278260,orderbook_update,no,37,200
1767731508279742,orderbook_update,no,38,200
1767731508285242,orderbook_update,no,38,20
1767731508302721,orderbook_update,yes,2,-1000
1767731508316212,orderbook_update,yes,60,200
1767731508321645,orderbook_update,yes,1,-1000
1767731508323137,orderbook_update,no,36,-100
1767731508323137,orderbook_update,no,33,100
1767731508331842,orderbook_update,no,38,-200
1767731508335376,orderbook_update,no,38,-197
1767731508351845,orderbook_update,yes,50,1000
1767731508355453,orderbook_update,no,24,20
1767731508374090,orderbook_update,yes,2,1000
1767731508378486,orderbook_update,yes,60,-100
1767731508378486,orderbook_update,yes,61,100
1767731508382651,orderbook_update,no,36,200
1767731508384020,orderbook_update,no,37,200
1767731508384888,orderbook_update,no,38,-20
1767731508413355,orderbook_update,no,24,-20
1767731508439224,orderbook_update,yes,61,-100
1767731508439224,orderbook_update,yes,62,100
1767731508984068,orderbook_update,no,37,20
1767731509000000,trade,yes,63,-1
1767731509099137,orderbook_update,yes,56,-30
1767731509100464,orderbook_update,no,37,-30
1767731509115161,orderbook_update,yes,58,30
1767731509116727,orderbook_update,no,35,30
1767731509430751,orderbook_update,no,37,-1
1767731509599387,orderbook_update,yes,50,-1000
1767731509649871,orderbook_update,yes,51,1000
1767731509650920,orderbook_update,no,37,-200
1767731509703581,orderbook_update,no,37,-20
1767731509711254,orderbook_update,no,37,200
1767731509757642,orderbook_update,no,34,20
1767731509951761,orderbook_update,yes,59,40
1767731509952626,orderbook_update,no,36,28
1767731509953436,orderbook_update,yes,58,-27
1767731509954938,orderbook_update,no,37,-32
1767731509959098,orderbook_update,no,37,-200
1767731509962941,orderbook_update,yes,59,-40
1767731509963893,orderbook_update,no,36,-28
1767731509973058,orderbook_update,yes,60,-200
1767731509973915,orderbook_update,yes,51,-400
1767731509977697,orderbook_update,no,37,-200
1767731509983510,orderbook_update,no,33,-100
1767731509983510,orderbook_update,no,32,100
1767731510000000,trade,yes,64,-19
1767731510000000,trade,yes,63,-18
1767731510000000,trade,yes,63,-2
1767731510000000,trade,yes,64,-35
1767731510000000,trade,yes,65,-30
1767731510000000,trade,no,65,-13
1767731510000000,trade,no,65,-1
1767731510000000,trade,yes,66,-1
1767731510000644,orderbook_update,no,36,-19
1767731510002527,orderbook_update,no,30,22
1767731510002641,orderbook_update,no,37,20
1767731510011791,orderbook_update,no,34,20
1767731510018683,orderbook_update,no,30,-22
1767731510020255,orderbook_update,no,37,-18
1767731510020510,orderbook_update,no,37,-2
1767731510020510,orderbook_update,no,36,-35
1767731510021753,orderbook_update,no,33,19
1767731510022267,orderbook_update,yes,51,400
1767731510023121,orderbook_update,yes,63,200
1767731510033863,orderbook_update,no,24,20
1767731510036050,orderbook_update,yes,61,40
1767731510038284,orderbook_update,no,33,-19
1767731510039917,orderbook_update,yes,62,-100
1767731510039917,orderbook_update,yes,63,100
1767731510043684,orderbook_update,no,36,-146
1767731510047094,orderbook_update,yes,61,-40
1767731510063870,orderbook_update,no,34,-20
1767731510066337,orderbook_update,no,30,21
1767731510083610,orderbook_update,yes,50,-5000
1767731510084637,orderbook_update,no,22,-5000
1767731510096570,orderbook_update,no,32,-100
1767731510096570,orderbook_update,no,30,100
1767731510096850,orderbook_update,no,26,200
1767731510098487,orderbook_update,no,26,200
1767731510098676,orderbook_update,yes,63,-200
1767731510098962,orderbook_update,no,25,200
1767731510100833,orderbook_update,no,35,-30
1767731510100833,orderbook_update,yes,65,13
1767731510100969,orderbook_update,no,23,-1000
1767731510116616,orderbook_update,no,34,-20
1767731510123559,orderbook_update,yes,65,-13
1767731510123559,orderbook_update,no,35,17
1767731510124670,orderbook_update,no,30,-21
1767731510125804,orderbook_update,no,31,20
1767731510137520,orderbook_update,yes,51,-400
1767731510137588,orderbook_update,yes,58,-30
1767731510139283,orderbook_update,no,35,-17
1767731510139544,orderbook_update,no,2,-15000
1767731510139900,orderbook_update,no,23,-400
1767731510140301,orderbook_update,yes,51,-1000
1767731510140720,orderbook_update,yes,51,-500
1767731510147951,orderbook_update,no,25,-200
1767731510148327,orderbook_update,no,26,-200
1767731510148879,orderbook_update,no,26,-200
1767731510157182,orderbook_update,yes,64,33
1767731510157470,orderbook_update,no,24,-20
1767731510174142,orderbook_update,no,23,-500
1767731510196123,orderbook_update,yes,51,-20
1767731510197951,orderbook_update,no,30,200
1767731510199393,orderbook_update,no,31,200
1767731510199967,orderbook_update,no,31,200
1767731510221938,orderbook_update,yes,59,30
1767731510222778,orderbook_update,no,34,30
1767731510227138,orderbook_update,yes,64,200
1767731510243543,orderbook_update,yes,2,1000
1767731510243763,orderbook_update,yes,41,400
1767731510247105,orderbook_update,yes,2,500
1767731510273271,orderbook_update,yes,64,-200
1767731510322100,orderbook_update,yes,65,200
1767731510443047,orderbook_update,yes,65,-1
1767731510485667,orderbook_update,yes,63,-100
1767731510485667,orderbook_update,yes,65,100
1767731510488675,orderbook_update,no,30,-100
1767731510488675,orderbook_update,no,28,100
1767731510585537,orderbook_update,no,31,-200
1767731510588335,orderbook_update,no,31,-200
1767731510589191,orderbook_update,no,30,-200
1767731510597849,orderbook_update,yes,41,-400
1767731510610410,orderbook_update,no,28,-100
1767731510610410,orderbook_update,no,25,100
1767731510627152,orderbook_update,no,34,-1
1767731510633532,orderbook_update,yes,40,-50
1767731510633532,orderbook_update,yes,50,50
1767731510639997,orderbook_update,no,4,200
1767731510640892,orderbook_update,yes,65,400
1767731510641034,orderbook_update,no,4,200
1767731510641212,orderbook_update,no,3,200
1767731510689519,orderbook_update,no,3,-200
1767731510692382,orderbook_update,no,4,-200
1767731510703926,orderbook_update,no,4,-200
1767731510714364,orderbook_update,yes,65,-400
1767731510731359,orderbook_update,no,25,-100
1767731510731359,orderbook_update,no,27,100
1767731510734616,orderbook_update,no,25,400
1767731510753375,orderbook_update,no,27,200
1767731510754216,orderbook_update,no,26,200
1767731510755359,orderbook_update,no,27,200
1767731510764648,orderbook_update,yes,51,400
1767731510784006,orderbook_update,no,25,-400
1767731510807174,orderbook_update,no,27,-200
1767731510808594,orderbook_update,no,26,-200
1767731510811820,orderbook_update,no,27,-200
1767731510848553,orderbook_update,yes,64,-33
1767731510848724,orderbook_update,yes,63,30
1767731510849586,orderbook_update,no,31,-20
1767731510850644,orderbook_update,no,32,34
1767731510871650,orderbook_update,no,28,200
1767731510873228,orderbook_update,no,29,200
1767731510927050,orderbook_update,no,29,200
1767731510949473,orderbook_update,no,27,-100
1767731510949473,orderbook_update,no,28,100
1767731510963025,orderbook_update,yes,50,-50
1767731510963025,orderbook_update,yes,40,50
1767731510970121,orderbook_update,yes,59,1
1767731511000000,trade,yes,68,-13
1767731511002386,orderbook_update,no,28,-200
1767731511005663,orderbook_update,yes,52,20
1767731511010050,orderbook_update,no,29,-200
1767731511012338,orderbook_update,yes,51,-400
1767731511062833,orderbook_update,no,30,200
1767731511063054,orderbook_update,no,30,200
1767731511063152,orderbook_update,yes,41,400
1767731511111529,orderbook_update,yes,3,20
1767731511112789,orderbook_update,yes,42,20
1767731511120919,orderbook_update,yes,52,-20
1767731511143592,orderbook_update,yes,59,-30
1767731511145276,orderbook_update,no,34,-29
1767731511158380,orderbook_update,no,24,1
1767731511160650,orderbook_update,yes,64,30
1767731511161790,orderbook_update,no,29,30
1767731511201965,orderbook_update,yes,65,-100
1767731511201965,orderbook_update,yes,66,100
1767731511214068,orderbook_update,yes,3,-20
1767731511256481,orderbook_update,yes,65,-199
1767731511264605,orderbook_update,yes,66,-100
1767731511264605,orderbook_update,yes,67,100
1767731511266130,orderbook_update,no,32,-13
1767731511306407,orderbook_update,yes,67,200
1767731511368612,orderbook_update,yes,42,-20
1767731511653378,orderbook_update,no,29,-200
1767731511657423,orderbook_update,no,30,-200
1767731511706885,orderbook_update,no,31,200
1767731511744569,orderbook_update,yes,67,-200
1767731511787993,orderbook_update,yes,66,200
1767731511789093,orderbook_update,no,31,200
1767731512000000,trade,no,67,-42
1767731512067976,orderbook_update,yes,42,20
1767731512108290,orderbook_update,yes,64,-30
1767731512109363,orderbook_update,no,29,-30
1767731512124912,orderbook_update,yes,63,30
1767731512126306,orderbook_update,no,30,30
1767731512131317,orderbook_update,yes,59,5000
1767731512132412,orderbook_update,no,11,5000
1767731512137783,orderbook_update,yes,62,23
1767731512137922,orderbook_update,yes,63,-30
1767731512139553,orderbook_update,yes,67,-42
1767731512139562,orderbook_update,no,32,-21
1767731512157643,orderbook_update,yes,62,-23
1767731512160087,orderbook_update,yes,66,-200
1767731512176931,orderbook_update,yes,41,-400
1767731512179770,orderbook_update,yes,2,-500
1767731512187059,orderbook_update,no,12,2000
1767731512188282,orderbook_update,no,12,500
1767731512188996,orderbook_update,no,2,15000
1767731512190091,orderbook_update,no,12,400
1767731512190162,orderbook_update,no,12,1000
1767731512194196,orderbook_update,yes,67,-58
1767731512219431,orderbook_update,no,28,-100
1767731512221285,orderbook_update,yes,65,200
1767731512232730,orderbook_update,yes,60,500
1767731512234338,orderbook_update,yes,60,400
1767731512237308,orderbook_update,yes,42,-20
1767731512239156,orderbook_update,yes,60,20
1767731512274355,orderbook_update,yes,65,-200
1767731512318808,orderbook_update,yes,64,200
1767731513004972,orderbook_update,no,30,100
1767731513006845,orderbook_update,yes,65,100
1767731513060512,orderbook_update,yes,64,-200
1767731513100392,orderbook_update,yes,66,200
1767731513124174,orderbook_update,yes,63,-30
1767731513125150,orderbook_update,no,30,-30
1767731513135675,orderbook_update,yes,63,30
1767731513136806,orderbook_update,no,30,30
1767731513234378,orderbook_update,yes,67,1
1767731516000000,trade,yes,69,-70
1767731516081821,orderbook_update,yes,63,-30
1767731516082649,orderbook_update,no,30,-30
1767731516094746,orderbook_update,yes,64,30
1767731516096538,orderbook_update,no,29,30
1767731516151212,orderbook_update,no,31,-70
1767731516510650,orderbook_update,yes,67,-1
1767731517813569,orderbook_update,yes,65,-100
1767731517813569,orderbook_update,yes,66,100
1767731517868672,orderbook_update,yes,66,-200
1767731517921541,orderbook_update,yes,67,200
1767731518128168,orderbook_update,yes,64,-30
1767731518129684,orderbook_update,no,29,-30
1767731518145123,orderbook_update,yes,65,30
1767731518146753,orderbook_update,no,28,30
1767731518759391,orderbook_update,no,12,-2000
1767731518772569,orderbook_update,no,31,-130
1767731518811892,orderbook_update,no,11,2000
1767731519104489,orderbook_update,yes,65,-30
1767731519105630,orderbook_update,no,28,-30
1767731519118398,orderbook_update,yes,66,30
1767731519119872,orderbook_update,no,27,30
1767731519177684,orderbook_update,no,31,-200
1767731519219539,orderbook_update,no,30,200
1767731519219643,orderbook_update,no,29,200
1767731519308726,orderbook_update,yes,68,1
1767731520230749,orderbook_update,yes,60,1
1767731520292741,orderbook_update,yes,2,-1000
1767731520293808,orderbook_update,no,30,-200
1767731520293826,orderbook_update,no,30,-100
1767731520293826,orderbook_update,no,29,100
1767731520294013,orderbook_update,no,11,-2000
1767731520294319,orderbook_update,yes,66,-100
1767731520294319,orderbook_update,yes,67,100
1767731520341461,orderbook_update,yes,67,-200
1767731520343169,orderbook_update,no,30,-200
1767731520345175,orderbook_update,yes,60,1000
1767731520395992,orderbook_update,no,29,200
1767731520396855,orderbook_update,yes,60,-1000
1767731520398111,orderbook_update,no,28,200
1767731520399113,orderbook_update,yes,68,200
1767731520449187,orderbook_update,yes,59,1000
1767731520449352,orderbook_update,no,29,-200
1767731520506241,orderbook_update,no,28,-200
1767731520553581,orderbook_update,no,30,200
1767731520556031,orderbook_update,no,30,200
1767731521099805,orderbook_update,yes,66,-30
1767731521101387,orderbook_update,no,27,-30
1767731521120449,orderbook_update,yes,67,30
1767731521122088,orderbook_update,no,26,30
1767731521523329,orderbook_update,yes,45,-2
1767731522000000,trade,no,69,-1
1767731522000000,trade,yes,70,-4
1767731522107043,orderbook_update,no,13,35
1767731522160998,orderbook_update,yes,69,35
1767731522180961,orderbook_update,yes,64,15
1767731522735175,orderbook_update,yes,69,-1
1767731522787784,orderbook_update,no,11,2000
1767731522789536,orderbook_update,yes,59,-1000
1767731522790216,orderbook_update,yes,68,-200
1767731522843991,orderbook_update,yes,2,1000
1767731522845000,orderbook_update,yes,67,200
1767731522958427,orderbook_update,no,30,-4
1767731523033337,orderbook_update,yes,69,-34
1767731523147670,orderbook_update,yes,67,-30
1767731523149232,orderbook_update,no,26,-30
1767731523164095,orderbook_update,yes,66,30
1767731523165658,orderbook_update,no,27,30
1767731523320723,orderbook_update,no,11,-2000
1767731523364954,orderbook_update,no,12,2000
1767731524000000,trade,yes,70,-2
1767731524635855,orderbook_update,no,30,-2
1767731524698616,orderbook_update,no,12,-2000
1767731524753143,orderbook_update,no,11,2000
1767731524895372,orderbook_update,yes,68,35
1767731524941500,orderbook_update,no,31,50
1767731525122614,orderbook_update,yes,66,-30
1767731525124109,orderbook_update,no,27,-30
1767731525138129,orderbook_update,yes,67,30
1767731525139581,orderbook_update,no,26,30
1767731526906710,orderbook_update,no,30,-200
1767731526908015,orderbook_update,yes,67,-200
1767731526908795,orderbook_update,yes,2,-1000
1767731526912671,orderbook_update,no,11,-2000
1767731526968198,orderbook_update,no,30,-194
1767731527027379,orderbook_update,no,28,200
1767731527028982,orderbook_update,no,29,200
1767731527029138,orderbook_update,yes,68,200
1767731527032294,orderbook_update,yes,60,1000
1767731527162335,orderbook_update,yes,60,-1000
1767731527164222,orderbook_update,no,28,-200
1767731527164692,orderbook_update,no,29,-200
1767731527312965,orderbook_update,no,30,200
1767731527313992,orderbook_update,no,30,200
1767731527314127,orderbook_update,yes,59,1000
1767731527424345,orderbook_update,no,11,2000
1767731527483172,orderbook_update,yes,59,-1000
1767731527531936,orderbook_update,yes,59,1000
1767731527589393,orderbook_update,no,11,-2000
1767731527745766,orderbook_update,no,11,2000
1767731528093430,orderbook_update,yes,67,-30
1767731528094312,orderbook_update,no,26,-30
1767731528108695,orderbook_update,yes,66,30
1767731528110402,orderbook_update,no,27,30
1767731528756359,orderbook_update,yes,59,-1000
1767731528807452,orderbook_update,yes,2,1000
1767731529136922,orderbook_update,yes,66,-30
1767731529138396,orderbook_update,no,27,-30
1767731529151457,orderbook_update,yes,65,30
1767731529153317,orderbook_update,no,28,30
1767731530086451,orderbook_update,yes,65,-30
1767731530087339,orderbook_update,no,28,-30
1767731530100413,orderbook_update,yes,66,30
1767731530102323,orderbook_update,no,27,30
1767731530830409,orderbook_update,yes,2,-1000
1767731530879364,orderbook_update,yes,59,1000
1767731530930411,orderbook_update,yes,59,-1000
1767731530949912,orderbook_update,yes,68,-200
1767731530950987,orderbook_update,no,29,-200
1767731530951503,orderbook_update,no,30,-200
1767731531012345,orderbook_update,no,31,200
1767731531012365,orderbook_update,yes,67,200
1767731531012575,orderbook_update,no,31,200
1767731531038530,orderbook_update,yes,2,1000
1767731532144930,orderbook_update,yes,66,-30
1767731532146933,orderbook_update,no,27,-30
1767731532162675,orderbook_update,yes,67,30
1767731532163909,orderbook_update,no,26,30
1767731534453639,orderbook_update,no,31,-200
1767731534455396,orderbook_update,no,11,-2000
1767731534455485,orderbook_update,yes,67,-200
1767731534455803,orderbook_update,no,31,-200
1767731534456566,orderbook_update,yes,2,-1000
1767731534509668,orderbook_update,no,29,200
1767731534509732,orderbook_update,yes,59,1000
1767731534525445,orderbook_update,no,29,-100
1767731534525445,orderbook_update,no,28,100
1767731534549769,orderbook_update,yes,68,200
1767731534788863,orderbook_update,no,30,-200
1767731534831513,orderbook_update,no,28,200
1767731534833763,orderbook_update,no,29,200
1767731534893894,orderbook_update,no,28,-200
1767731534894268,orderbook_update,no,29,-200
1767731534895274,orderbook_update,no,11,2000
1767731534932463,orderbook_update,no,30,200
1767731534937230,orderbook_update,no,30,200
1767731536000000,trade,yes,69,-3
1767731536715492,orderbook_update,no,31,-3
1767731537652717,orderbook_update,yes,67,-100
1767731537705045,orderbook_update,no,28,-100
1767731537754308,orderbook_update,no,29,-200
1767731537755274,orderbook_update,no,30,-200
1767731537755813,orderbook_update,no,30,-200
1767731537799058,orderbook_update,no,2,3
1767731537802177,orderbook_update,no,28,200
1767731537804385,orderbook_update,no,28,200
1767731537805017,orderbook_update,no,27,200
1767731538463520,orderbook_update,yes,59,-1000
1767731538505817,orderbook_update,yes,2,1000
1767731538813497,orderbook_update,yes,68,100
1767731539846025,orderbook_update,no,28,100
1767731540222421,orderbook_update,no,28,-200
1767731540223454,orderbook_update,yes,68,-200
1767731540223646,orderbook_update,no,27,-200
1767731540224041,orderbook_update,no,28,-200
1767731540392480,orderbook_update,no,30,200
1767731540393175,orderbook_update,yes,67,200
1767731540394485,orderbook_update,no,30,200
1767731540394501,orderbook_update,no,29,200
1767731541774184,orderbook_update,no,30,-200
1767731541775011,orderbook_update,no,29,-200
1767731541804803,orderbook_update,no,11,-2000
1767731541827745,orderbook_update,no,31,200
1767731541828578,orderbook_update,no,31,200
1767731541846747,orderbook_update,no,12,2000
1767731541884772,orderbook_update,yes,60,-400
1767731541884818,orderbook_update,no,12,-400
1767731541885017,orderbook_update,yes,67,-200
1767731541917911,orderbook_update,no,28,-100
1767731541917911,orderbook_update,no,31,100
1767731541923967,orderbook_update,no,11,1000
1767731541934237,orderbook_update,no,29,400
1767731541935623,orderbook_update,yes,59,400
1767731541938756,orderbook_update,yes,62,200
1767731541956667,orderbook_update,yes,64,-15
1767731541956783,orderbook_update,yes,65,14
1767731541974605,orderbook_update,yes,68,-100
1767731541974605,orderbook_update,yes,62,100
1767731541985093,orderbook_update,no,29,-400
1767731542000000,trade,no,68,-1
1767731542000000,trade,no,67,-1
1767731542021797,orderbook_update,yes,62,-200
1767731542034235,orderbook_update,no,29,400
1767731542075186,orderbook_update,yes,64,200
1767731542116409,orderbook_update,yes,67,-30
1767731542117945,orderbook_update,no,26,-30
1767731542134062,orderbook_update,yes,66,30
1767731542150010,orderbook_update,no,27,30
1767731542467884,orderbook_update,yes,68,-35
1767731542467884,orderbook_update,yes,67,35
1767731542518216,orderbook_update,no,30,-200
1767731542520792,orderbook_update,no,31,-200
1767731542542413,orderbook_update,yes,65,-14
1767731542616599,orderbook_update,yes,68,-1
1767731542616599,orderbook_update,no,32,199
1767731542623916,orderbook_update,no,32,200
1767731542681196,orderbook_update,no,31,-100
1767731542681196,orderbook_update,no,32,100
1767731542773279,orderbook_update,yes,67,-1
1767731542865344,orderbook_update,yes,64,-200
1767731542866225,orderbook_update,no,11,-1000
1767731542866713,orderbook_update,no,29,-400
1767731542866791,orderbook_update,yes,59,-400
1767731542918671,orderbook_update,no,12,1000
1767731542919526,orderbook_update,no,30,400
1767731542919889,orderbook_update,yes,61,200
1767731542921712,orderbook_update,yes,41,400
1767731543028628,orderbook_update,yes,61,-200
1767731543043229,orderbook_update,yes,62,-100
1767731543043229,orderbook_update,yes,64,100
1767731543074714,orderbook_update,no,32,-100
1767731543074714,orderbook_update,no,31,100
1767731543079755,orderbook_update,yes,63,200
1767731543094278,orderbook_update,yes,64,-100
1767731543094278,orderbook_update,yes,65,100
1767731543101977,orderbook_update,yes,67,-34
1767731543129541,orderbook_update,yes,63,-200
1767731543174161,orderbook_update,yes,62,200
1767731543182867,orderbook_update,no,30,-400
1767731543182946,orderbook_update,no,12,-1000
1767731543185292,orderbook_update,yes,41,-400
1767731543232265,orderbook_update,no,11,1000
1767731543234196,orderbook_update,yes,59,400
1767731543235025,orderbook_update,no,12,400
1767731543343789,orderbook_update,yes,45,1
1767731544862642,orderbook_update,no,32,15
1767731544863555,orderbook_update,no,31,-47
1767731544865596,orderbook_update,yes,62,39
1767731544875698,orderbook_update,no,32,-15
1767731544899407,orderbook_update,no,12,-400
1767731544920146,orderbook_update,yes,62,-200
1767731544928540,orderbook_update,no,31,-100
1767731544928540,orderbook_update,no,33,100
1767731544930548,orderbook_update,yes,65,-100
1767731544930548,orderbook_update,yes,63,100
1767731544941790,orderbook_update,no,29,400
1767731544966131,orderbook_update,yes,64,200
1767731544972149,orderbook_update,no,32,-199
1767731544974446,orderbook_update,no,31,-200
1767731545013452,orderbook_update,yes,59,-5000
1767731545015117,orderbook_update,no,11,-5000
1767731545026182,orderbook_update,no,33,200
1767731545027062,orderbook_update,no,33,200
1767731545068156,orderbook_update,no,12,-2000
1767731545068341,orderbook_update,no,12,-500
1767731545068472,orderbook_update,yes,59,-400
1767731545071059,orderbook_update,no,12,-1000
1767731545071445,orderbook_update,yes,60,-500
1767731545071456,orderbook_update,no,11,-1000
1767731545118777,orderbook_update,yes,41,400
1767731545121337,orderbook_update,yes,2,500
1767731545125140,orderbook_update,yes,60,-20
1767731545143984,orderbook_update,yes,66,-30
1767731545145028,orderbook_update,no,27,-30
1767731545162701,orderbook_update,yes,56,5000
1767731545163295,orderbook_update,yes,65,30
1767731545164063,orderbook_update,no,14,5000
1767731545165153,orderbook_update,no,28,30
1767731545167187,orderbook_update,no,33,27
1767731545183961,orderbook_update,yes,3,20
1767731545191197,orderbook_update,no,33,-200
1767731545192958,orderbook_update,no,32,-200
1767731545213356,orderbook_update,yes,41,-400
1767731545213576,orderbook_update,no,15,500
1767731545213924,orderbook_update,no,15,1000
1767731545214441,orderbook_update,no,14,2000
1767731545214970,orderbook_update,yes,2,-500
1767731545229364,orderbook_update,yes,42,20
1767731545232530,orderbook_update,no,34,200
1767731545233297,orderbook_update,yes,3,-20
1767731545233446,orderbook_update,no,34,200
1767731545255236,orderbook_update,no,29,-400
1767731545256402,orderbook_update,yes,64,-200
1767731545268303,orderbook_update,yes,57,500
1767731545268848,orderbook_update,no,14,-2000
1767731545268952,orderbook_update,yes,56,400
1767731545270914,orderbook_update,yes,57,20
1767731545272912,orderbook_update,yes,42,-20
1767731545304757,orderbook_update,no,30,400
1767731545306444,orderbook_update,yes,62,200
1767731545371904,orderbook_update,no,15,2000
1767731545434600,orderbook_update,no,13,-35
1767731545434600,orderbook_update,no,16,35
1767731545446603,orderbook_update,yes,65,35
1767731545647999,orderbook_update,yes,62,-200
1767731545693027,orderbook_update,yes,59,200
1767731546131643,orderbook_update,yes,65,-30
1767731546133046,orderbook_update,no,28,-30
1767731546146564,orderbook_update,yes,63,30
1767731546148162,orderbook_update,no,30,30
1767731546363009,orderbook_update,no,30,10
1767731547049517,orderbook_update,yes,65,-35
1767731547049517,orderbook_update,yes,64,35
1767731547122607,orderbook_update,yes,63,-30
1767731547123424,orderbook_update,no,30,-30
1767731547137242,orderbook_update,yes,64,30
1767731547139304,orderbook_update,no,29,30
1767731547749779,orderbook_update,yes,64,-35
1767731547749779,orderbook_update,yes,65,35
1767731549271712,orderbook_update,yes,59,-200
1767731549273503,orderbook_update,yes,56,-400
1767731549321730,orderbook_update,yes,62,200
1767731549324242,orderbook_update,yes,57,400
1767731549718248,orderbook_update,no,1,3
1767731550000000,trade,no,65,-25
1767731550477621,orderbook_update,yes,65,-25
1767731551097590,orderbook_update,yes,65,-10
1767731551914653,orderbook_update,no,30,-400
1767731551957358,orderbook_update,no,15,400
1767731552792059,orderbook_update,yes,65,35
1767731553000000,trade,no,65,-16
1767731553000000,trade,no,65,-19
1767731553000000,trade,no,65,-13
1767731553000000,trade,no,65,-17
1767731553000000,trade,yes,65,-30
1767731553000000,trade,yes,65,-30
1767731553000000,trade,yes,65,-1
1767731553116943,orderbook_update,yes,64,-30
1767731553117724,orderbook_update,no,29,-30
1767731553133105,orderbook_update,yes,65,30
1767731553134013,orderbook_update,no,28,30
1767731553418399,orderbook_update,yes,62,-39
1767731553419574,orderbook_update,no,33,-27
1767731553420468,orderbook_update,yes,60,16
1767731553421680,orderbook_update,yes,65,-16
1767731553523617,orderbook_update,yes,65,-19
1767731553523617,orderbook_update,yes,65,-13
1767731553527619,orderbook_update,yes,62,-200
1767731553559837,orderbook_update,no,14,-5000
1767731553612822,orderbook_update,no,15,-2000
1767731553613135,orderbook_update,no,15,-400
1767731553613699,orderbook_update,no,15,-500
1767731553613800,orderbook_update,no,15,-1000
1767731553639952,orderbook_update,yes,59,200
1767731553654170,orderbook_update,yes,61,35
1767731553654182,orderbook_update,yes,60,-16
1767731553655693,orderbook_update,no,34,36
1767731553704464,orderbook_update,no,33,-200
1767731553705360,orderbook_update,no,34,-200
1767731553707491,orderbook_update,yes,59,-200
1767731553755426,orderbook_update,yes,62,200
1767731553755498,orderbook_update,yes,65,-17
1767731553755498,orderbook_update,no,35,183
1767731553755581,orderbook_update,no,35,200
1767731553782215,orderbook_update,no,35,-30
1767731553878291,orderbook_update,no,35,-30
1767731553898128,orderbook_update,no,35,-1
1767731553978790,orderbook_update,yes,64,30
1767731554091063,orderbook_update,yes,64,-30
1767731554092445,orderbook_update,no,28,-30
1767731554105952,orderbook_update,yes,63,30
1767731554107426,orderbook_update,no,29,30
1767731554465726,orderbook_update,no,16,-35
1767731554465726,orderbook_update,no,29,35
1767731554520143,orderbook_update,no,30,400
1767731554887297,orderbook_update,no,29,-35
1767731554887297,orderbook_update,no,30,35
1767731554938523,orderbook_update,no,30,-400
1767731555457320,orderbook_update,no,18,5000
1767731555508778,orderbook_update,no,19,500
1767731555510171,orderbook_update,no,19,400
1767731555510224,orderbook_update,no,19,1000
1767731555833400,orderbook_update,yes,62,35
1767731556000000,trade,no,64,-1
1767731556049954,orderbook_update,yes,60,-1
1767731556049954,orderbook_update,yes,63,1
1767731556138446,orderbook_update,yes,63,-30
1767731556139895,orderbook_update,no,29,-30
1767731556154434,orderbook_update,yes,64,30
1767731556156061,orderbook_update,no,28,30
1767731556205860,orderbook_update,yes,64,-1
1767731556600895,orderbook_update,yes,62,-200
1767731556653029,orderbook_update,yes,63,200
1767731557510144,orderbook_update,no,30,-35
1767731557510144,orderbook_update,no,29,35
1767731557671190,orderbook_update,no,30,-10
1767731558378738,orderbook_update,yes,64,-29
1767731558379563,orderbook_update,no,28,-30
1767731558396085,orderbook_update,yes,63,30
1767731558397132,orderbook_update,no,29,30
1767731558444397,orderbook_update,no,19,-400
1767731558490027,orderbook_update,no,30,400
1767731559581515,orderbook_update,no,29,-35
1767731559581515,orderbook_update,no,30,35
1767731559631107,orderbook_update,no,30,-400
1767731559669927,orderbook_update,no,19,400
1767731560189462,orderbook_update,yes,63,-200
1767731560240502,orderbook_update,yes,62,200
1767731561120477,orderbook_update,yes,63,-30
1767731561121526,orderbook_update,no,29,-30
1767731561137493,orderbook_update,yes,64,30
1767731561139077,orderbook_update,no,28,30
1767731562140883,orderbook_update,no,30,-35
1767731562140883,orderbook_update,no,29,35
1767731563712515,orderbook_update,yes,62,-200
1767731563758313,orderbook_update,yes,63,200
1767731565000000,trade,yes,65,-10
1767731565879567,orderbook_update,no,35,-10
1767731567387557,orderbook_update,yes,63,-200
1767731567429858,orderbook_update,yes,62,200
1767731571335282,orderbook_update,yes,63,-100
1767731571335282,orderbook_update,yes,64,100
1767731571346190,orderbook_update,yes,62,-200
1767731571387275,orderbook_update,yes,63,200
1767731571391863,orderbook_update,no,33,-100
1767731571391863,orderbook_update,no,32,100
1767731571441350,orderbook_update,no,32,-100
1767731571441350,orderbook_update,no,30,100
1767731571500598,orderbook_update,no,19,-400
1767731571550730,orderbook_update,no,30,400
1767731572000000,trade,yes,65,-30
1767731572000000,trade,yes,65,-82
1767731572000000,trade,yes,66,-187
1767731572000000,trade,yes,66,-1
1767731572108404,orderbook_update,yes,61,-35
1767731572119839,orderbook_update,yes,62,15
1767731572157242,orderbook_update,yes,64,-30
1767731572158875,orderbook_update,no,28,-30
1767731572171337,orderbook_update,no,35,-30
1767731572172463,orderbook_update,no,27,30
1767731572226671,orderbook_update,no,35,-200
1767731572271635,orderbook_update,yes,60,30
1767731572296579,orderbook_update,no,35,-82
1767731572296579,orderbook_update,no,34,-187
1767731572348079,orderbook_update,no,30,-400
1767731572349160,orderbook_update,no,33,200
1767731572350275,orderbook_update,yes,63,-200
1767731572353128,orderbook_update,yes,64,-100
1767731572353128,orderbook_update,yes,65,100
1767731572398198,orderbook_update,yes,64,200
1767731572399711,orderbook_update,no,19,400
1767731572458441,orderbook_update,yes,62,-35
1767731572458441,orderbook_update,yes,64,35
1767731572464339,orderbook_update,no,29,-35
1767731572464339,orderbook_update,no,28,35
1767731572487603,orderbook_update,no,34,-1
1767731573000000,trade,yes,66,-100
1767731573067859,orderbook_update,yes,60,-30
1767731573069403,orderbook_update,no,27,-30
1767731573085222,orderbook_update,yes,61,30
1767731573086674,orderbook_update,no,26,30
1767731573178073,orderbook_update,no,34,-36
1767731573204286,orderbook_update,no,33,47
1767731573229096,orderbook_update,no,33,-200
1767731573230082,orderbook_update,no,34,-12
1767731573276472,orderbook_update,no,33,200
1767731573278653,orderbook_update,no,34,200
1767731573279614,orderbook_update,no,34,-100
1767731573279614,orderbook_update,yes,65,-100
1767731573328946,orderbook_update,yes,64,-200
1767731573329410,orderbook_update,no,34,-100
1767731573336447,orderbook_update,no,30,-100
1767731573371218,orderbook_update,yes,65,200
1767731573372319,orderbook_update,no,32,200
1767731573372388,orderbook_update,no,33,200
1767731573555605,orderbook_update,no,33,-200
1767731573555732,orderbook_update,yes,2,-1000
1767731573557022,orderbook_update,no,32,-200
1767731573557059,orderbook_update,no,33,-200
1767731573605895,orderbook_update,no,29,200
1767731573609017,orderbook_update,no,30,200
1767731573609716,orderbook_update,yes,56,1000
1767731573609963,orderbook_update,no,30,200
1767731573853999,orderbook_update,no,32,100
1767731573900441,orderbook_update,no,29,-200
1767731573901217,orderbook_update,no,30,-200
1767731573902447,orderbook_update,no,30,-200
1767731573907846,orderbook_update,yes,64,100
1767731573951768,orderbook_update,no,31,200
1767731573952008,orderbook_update,no,32,200
1767731573954304,orderbook_update,no,32,200
1767731576853892,orderbook_update,no,20,3
1767731577263308,orderbook_update,no,28,-35
1767731577263308,orderbook_update,no,27,35
1767731578000000,trade,no,65,-1
1767731578164928,orderbook_update,yes,65,-1
1767731580000000,trade,yes,67,-3
1767731580930270,orderbook_update,no,33,-3
1767731583000000,trade,no,66,-1
1767731583000000,trade,no,66,-4
1767731583000000,trade,yes,69,-7
1767731583094511,orderbook_update,yes,61,-30
1767731583095852,orderbook_update,no,26,-30
1767731583110776,orderbook_update,yes,62,30
1767731583112792,orderbook_update,no,25,30
1767731583151694,orderbook_update,yes,66,1
1767731583697693,orderbook_update,yes,65,25
1767731583698669,orderbook_update,no,30,53
1767731583699533,orderbook_update,yes,62,-15
1767731583700814,orderbook_update,no,33,-44
1767731583732366,orderbook_update,no,18,-5000
1767731583751104,orderbook_update,no,32,-200
1767731583752990,orderbook_update,yes,56,-1000
1767731583754570,orderbook_update,no,32,-200
1767731583780595,orderbook_update,no,19,-1000
1767731583782358,orderbook_update,no,19,-400
1767731583782965,orderbook_update,no,19,-500
1767731583792896,orderbook_update,yes,64,-100
1767731583792896,orderbook_update,yes,66,100
1767731583803248,orderbook_update,yes,57,1000
1767731583803820,orderbook_update,no,30,200
1767731583848112,orderbook_update,yes,65,-199
1767731583850997,orderbook_update,no,32,-100
1767731583850997,orderbook_update,no,30,100
1767731583870260,orderbook_update,yes,66,-1
1767731583870260,orderbook_update,yes,66,-4
1767731583894091,orderbook_update,yes,67,200
1767731583921699,orderbook_update,no,31,-7
1767731583927669,orderbook_update,yes,66,-96
1767731583940708,orderbook_update,yes,65,-25
1767731583979647,orderbook_update,yes,67,-200
1767731583979847,orderbook_update,no,31,-193
1767731583980347,orderbook_update,no,30,-100
1767731584027335,orderbook_update,yes,66,20
1767731584028690,orderbook_update,yes,65,200
1767731584032051,orderbook_update,no,29,200
1767731584054554,orderbook_update,no,30,200
1767731584077575,orderbook_update,yes,65,-200
1767731584120951,orderbook_update,yes,67,200
1767731584131232,orderbook_update,yes,62,-30
1767731584132238,orderbook_update,no,25,-30
1767731584145199,orderbook_update,yes,63,30
1767731584146143,orderbook_update,no,24,30
1767731584304713,orderbook_update,no,30,-200
1767731584304822,orderbook_update,no,30,-200
1767731584343514,orderbook_update,no,29,200
1767731584382534,orderbook_update,no,27,-35
1767731584382534,orderbook_update,no,25,35
1767731584398874,orderbook_update,no,28,200
1767731584437351,orderbook_update,no,28,-200
1767731584439040,orderbook_update,no,29,-200
1767731584439249,orderbook_update,no,29,-200
1767731584479312,orderbook_update,no,26,200
1767731584479867,orderbook_update,no,27,200
1767731584480113,orderbook_update,no,27,200
1767731584521801,orderbook_update,no,30,100
1767731584576060,orderbook_update,yes,66,100
1767731584683756,orderbook_update,no,27,-200
1767731584684370,orderbook_update,no,26,-200
1767731584686541,orderbook_update,no,27,-200
1767731584710090,orderbook_update,no,25,-35
1767731584710090,orderbook_update,no,26,35
1767731584737720,orderbook_update,no,30,200
1767731584738199,orderbook_update,no,29,200
1767731584794930,orderbook_update,no,30,200
1767731584969036,orderbook_update,no,26,-35
1767731584969036,orderbook_update,no,25,35
1767731585024953,orderbook_update,yes,64,-35
1767731585024953,orderbook_update,yes,67,35
1767731585069006,orderbook_update,yes,67,-200
1767731585116782,orderbook_update,yes,68,200
1767731585121977,orderbook_update,yes,63,-30
1767731585123002,orderbook_update,no,24,-30
1767731585134904,orderbook_update,yes,64,30
1767731585136793,orderbook_update,no,23,30
1767731585359671,orderbook_update,yes,67,-35
1767731585359671,orderbook_update,yes,68,35
1767731585420863,orderbook_update,no,25,-35
1767731585420863,orderbook_update,no,24,35
1767731585653878,orderbook_update,no,30,-200
1767731585734274,orderbook_update,no,12,5000
1767731585784152,orderbook_update,no,13,1000
1767731585785142,orderbook_update,no,13,500
1767731585785519,orderbook_update,no,13,400
1767731586111236,orderbook_update,yes,64,-30
1767731586112362,orderbook_update,no,23,-30
1767731586126042,orderbook_update,yes,65,30
1767731586127948,orderbook_update,no,22,30
1767731586228348,orderbook_update,no,24,-35
1767731586228348,orderbook_update,no,23,35
1767731586239265,orderbook_update,no,29,-200
1767731586241423,orderbook_update,yes,68,-200
1767731586247083,orderbook_update,no,30,-200
1767731586290978,orderbook_update,no,25,200
1767731586292297,orderbook_update,no,25,200
1767731586294086,orderbook_update,no,24,200
1767731586349281,orderbook_update,yes,69,200
1767731586357829,orderbook_update,yes,67,16
1767731586359677,orderbook_update,no,30,-53
1767731586360451,orderbook_update,yes,66,-20
1767731586374118,orderbook_update,no,29,40
1767731586401744,orderbook_update,no,30,-100
1767731586401744,orderbook_update,no,28,100
1767731586434851,orderbook_update,yes,57,-400
1767731586435793,orderbook_update,yes,66,-100
1767731586435793,orderbook_update,yes,67,100
1767731586478218,orderbook_update,yes,67,-16
1767731586478899,orderbook_update,yes,68,16
1767731586479033,orderbook_update,no,29,-40
1767731586479677,orderbook_update,no,28,29
1767731586485579,orderbook_update,yes,57,400
1767731586490945,orderbook_update,yes,67,-100
1767731586490945,orderbook_update,yes,69,100
1767731586502273,orderbook_update,yes,40,-50
1767731586502273,orderbook_update,yes,50,50
1767731586508719,orderbook_update,yes,56,-5000
1767731586511960,orderbook_update,no,28,-100
1767731586511960,orderbook_update,no,27,100
1767731586534414,orderbook_update,yes,69,-200
1767731586555054,orderbook_update,yes,57,-1000
1767731586555850,orderbook_update,yes,57,-400
1767731586556965,orderbook_update,yes,57,-500
1767731586566466,orderbook_update,no,25,-200
1767731586566538,orderbook_update,no,25,-200
1767731586566566,orderbook_update,no,24,-200
1767731586573742,orderbook_update,yes,70,200
1767731586605693,orderbook_update,yes,3,20
1767731586606198,orderbook_update,yes,2,500
1767731586606591,orderbook_update,yes,2,1000
1767731586606645,orderbook_update,yes,57,-20
1767731586607471,orderbook_update,yes,51,400
1767731586614999,orderbook_update,no,27,200
1767731586617044,orderbook_update,no,27,200
1767731586617494,orderbook_update,no,26,200
1767731586702727,orderbook_update,yes,59,5000
1767731586714099,orderbook_update,yes,52,20
1767731586717901,orderbook_update,yes,3,-20
1767731586750120,orderbook_update,yes,60,20
1767731586758839,orderbook_update,yes,51,-400
1767731586760055,orderbook_update,yes,2,-1000
1767731586762022,orderbook_update,yes,2,-500
1767731586773551,orderbook_update,yes,52,-20
1767731586814580,orderbook_update,yes,60,400
1767731586816110,orderbook_update,yes,60,500
1767731586870634,orderbook_update,yes,60,1000
1767731586887534,orderbook_update,yes,68,-35
1767731586887534,orderbook_update,yes,71,35
1767731586934734,orderbook_update,yes,70,-200
1767731586943038,orderbook_update,no,23,-35
1767731586943038,orderbook_update,no,14,35
1767731586976689,orderbook_update,yes,71,200
1767731588350665,orderbook_update,yes,68,-16
1767731588351695,orderbook_update,yes,70,21
1767731588351779,orderbook_update,no,28,-29
1767731588352606,orderbook_update,no,26,27
1767731588357333,orderbook_update,no,27,-200
1767731588357935,orderbook_update,no,27,-200
1767731588358458,orderbook_update,no,26,-200
1767731588397682,orderbook_update,yes,71,-200
1767731588406347,orderbook_update,no,26,200
1767731588406437,orderbook_update,no,25,200
1767731588409236,orderbook_update,no,26,200
1767731588448764,orderbook_update,yes,72,200
1767731588490579,orderbook_update,yes,59,-5000
1767731588491547,orderbook_update,no,12,-5000
1767731588538666,orderbook_update,no,13,-500
1767731588539233,orderbook_update,no,13,-400
1767731588539857,orderbook_update,yes,60,-500
1767731588540431,orderbook_update,no,13,-1000
1767731588540575,orderbook_update,yes,60,-1000
1767731588541020,orderbook_update,yes,60,-400
1767731588581831,orderbook_update,yes,2,1000
1767731588582993,orderbook_update,yes,51,400
1767731588585735,orderbook_update,yes,2,500
1767731588588519,orderbook_update,yes,3,20
1767731588632187,orderbook_update,yes,3,-20
1767731588633591,orderbook_update,yes,62,5000
1767731588652945,orderbook_update,yes,60,-20
1767731588674916,orderbook_update,yes,51,-400
1767731588676486,orderbook_update,yes,2,-1000
1767731588677020,orderbook_update,yes,2,-500
1767731588688865,orderbook_update,yes,52,20
1767731588716999,orderbook_update,yes,63,400
1767731588717398,orderbook_update,yes,63,1000
1767731588718259,orderbook_update,yes,63,500
1767731588736605,orderbook_update,yes,63,20
1767731588792176,orderbook_update,yes,52,-20
1767731589036479,orderbook_update,yes,71,-35
1767731589036479,orderbook_update,yes,72,35
1767731589037320,orderbook_update,no,14,-35
1767731589037320,orderbook_update,no,3,35
1767731589084827,orderbook_update,no,2,-15000
1767731589128518,orderbook_update,no,26,-200
1767731589132769,orderbook_update,yes,65,-30
1767731589134181,orderbook_update,no,22,-30
1767731589149770,orderbook_update,yes,67,30
1767731589150904,orderbook_update,no,20,30
1767731589407503,orderbook_update,yes,63,-1000
1767731589407906,orderbook_update,yes,72,-200
1767731589409034,orderbook_update,no,25,-200
1767731589447788,orderbook_update,yes,62,1000
1767731589449967,orderbook_update,yes,71,200
1767731589460534,orderbook_update,no,27,200
1767731589516439,orderbook_update,yes,63,-20
1767731589607103,orderbook_update,yes,64,20
1767731590392607,orderbook_update,no,7,5000
1767731590438765,orderbook_update,no,8,400
1767731590439065,orderbook_update,no,7,2000
1767731590439193,orderbook_update,no,8,1000
1767731590439882,orderbook_update,no,2,15000
1767731590444414,orderbook_update,no,8,500
1767731590581722,orderbook_update,no,3,-35
1767731590581722,orderbook_update,no,20,35
1767731590626368,orderbook_update,no,8,-400
1767731590675978,orderbook_update,no,21,400
1767731590736922,orderbook_update,yes,71,-200
1767731590737086,orderbook_update,yes,62,-1000
1767731590737596,orderbook_update,no,27,-200
1767731590738103,orderbook_update,no,7,-2000
1767731590739622,orderbook_update,no,26,-200
1767731590785097,orderbook_update,no,26,200
1767731590787225,orderbook_update,no,25,200
1767731590789256,orderbook_update,yes,72,200
1767731590845652,orderbook_update,yes,63,1000
1767731590874666,orderbook_update,no,27,-100
1767731590874666,orderbook_update,no,25,100
1767731590875002,orderbook_update,yes,69,-100
1767731590875002,orderbook_update,yes,71,100
1767731590887544,orderbook_update,no,26,200
1767731591118479,orderbook_update,yes,67,-30
1767731591119299,orderbook_update,no,20,-30
1767731591133518,orderbook_update,yes,68,30
1767731591135259,orderbook_update,no,19,30
1767731591171807,orderbook_update,no,21,-400
1767731591214345,orderbook_update,no,8,400
1767731591830622,orderbook_update,yes,72,-200
1767731591831230,orderbook_update,yes,63,-1000
1767731591831585,orderbook_update,no,8,2000
1767731591831921,orderbook_update,no,25,-200
1767731591832412,orderbook_update,no,26,-200
1767731591832871,orderbook_update,no,7,1000
1767731591854357,orderbook_update,yes,71,-100
1767731591854357,orderbook_update,yes,69,100
1767731591883690,orderbook_update,yes,2,1000
1767731591885985,orderbook_update,no,27,200
1767731591886580,orderbook_update,yes,70,200
1767731591889677,orderbook_update,no,27,200
1767731591912352,orderbook_update,no,25,-100
1767731591912352,orderbook_update,no,27,100
1767731592000000,trade,yes,73,-4
1767731592117763,orderbook_update,yes,68,-30
1767731592119065,orderbook_update,no,19,-30
1767731592131199,orderbook_update,yes,67,30
1767731592132080,orderbook_update,no,20,30
1767731592187570,orderbook_update,no,8,-400
1767731592226899,orderbook_update,no,21,400
1767731592326535,orderbook_update,yes,72,-35
1767731592326535,orderbook_update,yes,71,35
1767731592382426,orderbook_update,no,26,-200
1767731592384065,orderbook_update,no,20,-35
1767731592384065,orderbook_update,no,9,35
1767731592437672,orderbook_update,no,27,-200
1767731592439478,orderbook_update,no,27,-4
1767731592443751,orderbook_update,no,21,-400
1767731592481798,orderbook_update,no,28,200
1767731592484398,orderbook_update,no,28,200
1767731592498225,orderbook_update,no,8,400
1767731592595306,orderbook_update,no,28,-200
1767731592595421,orderbook_update,no,28,-200
1767731592634302,orderbook_update,no,27,200
1767731592636428,orderbook_update,no,26,200
1767731593131564,orderbook_update,yes,67,-30
1767731593132992,orderbook_update,no,20,-30
1767731593149328,orderbook_update,yes,66,30
1767731593151407,orderbook_update,no,21,30
1767731593620562,orderbook_update,no,7,-1000
1767731593621053,orderbook_update,yes,2,-1000
1767731593621593,orderbook_update,yes,70,-200
1767731593630583,orderbook_update,no,8,-2000
1767731593631984,orderbook_update,no,27,-200
1767731593642211,orderbook_update,no,27,-196
1767731593673018,orderbook_update,yes,71,200
1767731593675823,orderbook_update,yes,63,1000
1767731593691635,orderbook_update,no,26,200
1767731593693938,orderbook_update,no,25,200
1767731593694319,orderbook_update,no,7,2000
1767731593986066,orderbook_update,yes,71,-200
1767731593989028,orderbook_update,no,7,-2000
1767731594034375,orderbook_update,yes,66,-30
1767731594035891,orderbook_update,no,21,-30
1767731594037534,orderbook_update,yes,72,200
1767731594054577,orderbook_update,yes,67,30
1767731594056190,orderbook_update,no,20,30
1767731594108125,orderbook_update,no,7,2000
1767731594798306,orderbook_update,yes,71,-35
1767731594798306,orderbook_update,yes,72,35
1767731594885493,orderbook_update,no,25,-200
1767731594886139,orderbook_update,no,26,-200
1767731594888513,orderbook_update,yes,72,-200
1767731594889842,orderbook_update,yes,63,-1000
1767731594941620,orderbook_update,yes,70,200
1767731594942536,orderbook_update,no,27,200
1767731594942853,orderbook_update,no,27,200
1767731594943595,orderbook_update,no,7,-2000
1767731594946237,orderbook_update,yes,2,1000
1767731594992235,orderbook_update,no,8,2000
1767731595138975,orderbook_update,yes,67,-30
1767731595140305,orderbook_update,no,20,-30
1767731595160242,orderbook_update,yes,66,30
1767731595161709,orderbook_update,no,21,30
1767731596127613,orderbook_update,yes,66,-30
1767731596128718,orderbook_update,no,21,-30
1767731596140646,orderbook_update,yes,65,30
1767731596142681,orderbook_update,no,22,30
1767731596152164,orderbook_update,yes,72,-35
1767731596152164,orderbook_update,yes,71,35
1767731596199626,orderbook_update,no,27,-200
1767731596201513,orderbook_update,no,26,-200
1767731596247691,orderbook_update,no,28,200
1767731596250385,orderbook_update,no,28,200
1767731596767028,orderbook_update,no,28,-200
1767731596767300,orderbook_update,no,8,-2000
1767731596767733,orderbook_update,yes,70,-200
1767731596767872,orderbook_update,no,28,-200
1767731596768447,orderbook_update,yes,2,-1000
1767731596807824,orderbook_update,no,7,2000
1767731596810095,orderbook_update,no,27,200
1767731596810276,orderbook_update,yes,62,1000
1767731596810311,orderbook_update,yes,71,200
1767731596811589,orderbook_update,no,26,200
1767731597090067,orderbook_update,yes,65,-30
1767731597090933,orderbook_update,no,22,-30
1767731597122396,orderbook_update,yes,66,30
1767731597123396,orderbook_update,no,21,30
1767731597187751,orderbook_update,no,26,-27
1767731597189648,orderbook_update,no,25,58
1767731597201532,orderbook_update,yes,71,-35
1767731597201532,orderbook_update,yes,72,35
1767731597393671,orderbook_update,yes,62,-1000
1767731597394270,orderbook_update,no,27,-200
1767731597400792,orderbook_update,no,27,-200
1767731597401213,orderbook_update,no,7,-2000
1767731597451580,orderbook_update,yes,71,-200
1767731597499903,orderbook_update,no,26,-200
1767731597503071,orderbook_update,yes,72,200
1767731597520335,orderbook_update,no,27,-100
1767731597520335,orderbook_update,no,25,100
1767731597523512,orderbook_update,yes,69,-100
1767731597523512,orderbook_update,yes,71,100
1767731597541988,orderbook_update,no,25,200
1767731597543028,orderbook_update,no,25,200
1767731597560219,orderbook_update,yes,63,1000
1767731597572352,orderbook_update,yes,72,-200
1767731597600747,orderbook_update,no,24,200
1767731597618250,orderbook_update,yes,73,200
1767731597647963,orderbook_update,no,25,-200
1767731597648535,orderbook_update,no,24,-200
1767731597700013,orderbook_update,yes,70,-21
1767731597702173,orderbook_update,no,24,48
1767731597703914,orderbook_update,no,25,-200
1767731597704545,orderbook_update,yes,71,28
1767731597704898,orderbook_update,no,25,-58
1767731597714100,orderbook_update,no,24,-48
1767731597717162,orderbook_update,yes,71,-28
1767731597734956,orderbook_update,no,25,-100
1767731597734956,orderbook_update,no,24,100
1767731597747881,orderbook_update,no,23,200
1767731597748742,orderbook_update,no,22,200
1767731597750044,orderbook_update,no,23,200
1767731597761330,orderbook_update,no,7,-5000
1767731597789136,orderbook_update,yes,73,29
1767731597790440,orderbook_update,no,23,26
1767731597790742,orderbook_update,yes,71,-100
1767731597790742,orderbook_update,yes,72,100
1767731597798304,orderbook_update,no,23,-200
1767731597800142,orderbook_update,yes,63,-400
1767731597801668,orderbook_update,no,23,-26
1767731597802838,orderbook_update,no,23,-200
1767731597805976,orderbook_update,yes,73,-29
1767731597807344,orderbook_update,yes,74,26
1767731597807607,orderbook_update,no,8,-400
1767731597808819,orderbook_update,no,22,32
1767731597810276,orderbook_update,no,8,-500
1767731597811198,orderbook_update,no,8,-1000
1767731597820604,orderbook_update,no,24,-100
1767731597820604,orderbook_update,no,23,100
1767731597833933,orderbook_update,no,22,-32
1767731597836313,orderbook_update,no,21,64
1767731597897457,orderbook_update,yes,73,-200
1767731597907941,orderbook_update,yes,72,-100
1767731597907941,orderbook_update,yes,74,100
1767731597910360,orderbook_update,no,4,5000
1767731597911686,orderbook_update,no,22,-200
1767731597912655,orderbook_update,yes,73,400
1767731597939844,orderbook_update,no,23,-100
1767731597939844,orderbook_update,no,22,100
1767731597946588,orderbook_update,yes,75,200
1767731597954143,orderbook_update,no,10,200
1767731597956391,orderbook_update,no,11,200
1767731597957791,orderbook_update,yes,74,-100
1767731597957791,orderbook_update,yes,75,100
1767731597959166,orderbook_update,no,11,200
1767731597967188,orderbook_update,no,5,500
1767731597967915,orderbook_update,no,5,1000
1767731597969332,orderbook_update,no,5,400
1767731597970764,orderbook_update,yes,64,-20
1767731598000000,trade,yes,76,-1
1767731598006504,orderbook_update,yes,75,-200
1767731598022873,orderbook_update,yes,73,-400
1767731598028230,orderbook_update,yes,74,20
1767731598049967,orderbook_update,no,24,-1
1767731598049967,orderbook_update,yes,76,199
1767731598070262,orderbook_update,yes,62,-5000
1767731598072289,orderbook_update,yes,63,400
1767731598074136,orderbook_update,yes,74,-20
1767731598120304,orderbook_update,yes,63,-500
1767731598121284,orderbook_update,yes,63,-400
1767731598123742,orderbook_update,yes,63,-1000
1767731598151797,orderbook_update,yes,66,-30
1767731598153400,orderbook_update,yes,72,-35
1767731598153400,orderbook_update,yes,70,35
1767731598153863,orderbook_update,no,21,-30
1767731598172180,orderbook_update,yes,2,500
1767731598174530,orderbook_update,yes,2,1000
1767731598175307,orderbook_update,yes,51,400
1767731598182825,orderbook_update,yes,70,30
1767731598184087,orderbook_update,no,17,30
1767731598235082,orderbook_update,no,11,-200
1767731598235887,orderbook_update,yes,51,-400
1767731598237743,orderbook_update,no,10,-200
1767731598238807,orderbook_update,no,11,-200
1767731598268364,orderbook_update,yes,66,5000
1767731598286003,orderbook_update,no,18,200
1767731598286543,orderbook_update,yes,71,400
1767731598287084,orderbook_update,no,19,200
1767731598326063,orderbook_update,yes,2,-500
1767731598327610,orderbook_update,yes,2,-1000
1767731598351124,orderbook_update,no,19,200
1767731598436187,orderbook_update,yes,67,1000
1767731598436742,orderbook_update,yes,67,500
1767731598558933,orderbook_update,yes,70,-35
1767731598558933,orderbook_update,yes,75,35
1767731598562019,orderbook_update,no,9,-35
1767731598562019,orderbook_update,no,12,35
1767731598613123,orderbook_update,yes,71,-400
1767731598664270,orderbook_update,yes,67,400
1767731598719708,orderbook_update,yes,68,20
1767731599026247,orderbook_update,no,12,-35
1767731599026247,orderbook_update,no,6,35
1767731599029403,orderbook_update,yes,75,-35
1767731599029403,orderbook_update,yes,77,35
1767731599034227,orderbook_update,yes,67,-400
1767731599073461,orderbook_update,no,2,-15000
1767731599083809,orderbook_update,yes,76,-199
1767731599084624,orderbook_update,yes,75,400
1767731599116250,orderbook_update,no,1,15000
1767731599122609,orderbook_update,yes,70,-30
1767731599123477,orderbook_update,no,17,-30
1767731599135766,orderbook_update,yes,76,20
1767731599137612,orderbook_update,yes,68,-20
1767731599141650,orderbook_update,yes,77,200
1767731599143231,orderbook_update,yes,71,30
1767731599145039,orderbook_update,no,16,30
1767731599174634,orderbook_update,no,19,-200
1767731599175889,orderbook_update,no,18,-200
1767731599177383,orderbook_update,yes,75,-100
1767731599177383,orderbook_update,yes,73,100
1767731599178809,orderbook_update,yes,75,-400
1767731599224000,orderbook_update,yes,74,400
1767731599228298,orderbook_update,yes,68,20
1767731599298489,orderbook_update,no,19,-200
1767731599302630,orderbook_update,yes,76,-20
1767731599338422,orderbook_update,no,18,200
1767731599340360,orderbook_update,no,18,200
1767731599341312,orderbook_update,no,17,200
1767731599368133,orderbook_update,yes,68,-20
1767731599967156,orderbook_update,yes,75,20
1767731600036914,orderbook_update,yes,77,-200
1767731600037116,orderbook_update,no,18,-200
1767731600039958,orderbook_update,yes,74,-400
1767731600040345,orderbook_update,no,18,-200
1767731600042193,orderbook_update,no,17,-200
1767731600048028,orderbook_update,no,4,1000
1767731600089207,orderbook_update,no,22,200
1767731600090439,orderbook_update,yes,67,400
1767731600092262,orderbook_update,yes,75,200
1767731600093145,orderbook_update,no,22,200
1767731600134918,orderbook_update,yes,68,20
1767731600161066,orderbook_update,no,21,200
1767731600161324,orderbook_update,yes,75,-20
1767731600219444,orderbook_update,no,21,-64
1767731600220393,orderbook_update,no,22,27
1767731600512418,orderbook_update,yes,73,46
1767731600512597,orderbook_update,yes,74,-26
1767731600593716,orderbook_update,no,4,2000
1767731600595215,orderbook_update,yes,67,-1000
1767731600607421,orderbook_update,yes,73,-100
1767731600607421,orderbook_update,yes,72,100
1767731600744157,orderbook_update,yes,75,-200
1767731600745794,orderbook_update,yes,66,1000
1767731600789460,orderbook_update,yes,77,-35
1767731600789460,orderbook_update,yes,76,35
1767731600802852,orderbook_update,no,4,-2000
1767731600867943,orderbook_update,no,4,-1000
1767731601021190,orderbook_update,no,23,18
1767731601024119,orderbook_update,no,22,-27
1767731601032374,orderbook_update,yes,66,-1000
1767731601034874,orderbook_update,no,22,-100
1767731601034874,orderbook_update,no,23,100
1767731601036242,orderbook_update,no,22,-200
1767731601036479,orderbook_update,yes,74,200
1767731601037497,orderbook_update,no,21,-200
1767731601040890,orderbook_update,yes,72,-100
1767731601040890,orderbook_update,yes,70,100
1767731601044671,orderbook_update,yes,73,-46
1767731601045424,orderbook_update,no,23,-18
1767731601046470,orderbook_update,yes,71,21
1767731601047663,orderbook_update,no,5,1000
1767731601075405,orderbook_update,yes,71,-30
1767731601076282,orderbook_update,no,16,-30
1767731601084111,orderbook_update,yes,66,-5000
1767731601087640,orderbook_update,yes,68,30
1767731601088469,orderbook_update,no,19,30
1767731601104273,orderbook_update,no,5,2000
1767731601191304,orderbook_update,yes,67,-400
1767731601197994,orderbook_update,yes,74,-200
1767731601213584,orderbook_update,no,23,200
1767731601220343,orderbook_update,yes,2,1000
1767731601247139,orderbook_update,yes,73,200
1767731601249167,orderbook_update,yes,67,-500
1767731601271877,orderbook_update,no,23,200
1767731601282121,orderbook_update,yes,63,5000
1767731601302916,orderbook_update,yes,3,20
1767731601307129,orderbook_update,yes,68,400
1767731601308414,orderbook_update,yes,2,500
1767731601335944,orderbook_update,yes,2,-1000
1767731601357842,orderbook_update,yes,2,-500
1767731601358776,orderbook_update,yes,68,-20
1767731601385724,orderbook_update,yes,64,1000
1767731601386383,orderbook_update,yes,64,20
1767731601404894,orderbook_update,yes,3,-20
1767731601409142,orderbook_update,yes,64,500
1767731601418537,orderbook_update,yes,68,-400
1767731601427086,orderbook_update,yes,69,20
1767731601452651,orderbook_update,yes,76,-35
1767731601452651,orderbook_update,yes,74,35
1767731601483546,orderbook_update,no,25,31
1767731601489908,orderbook_update,yes,64,-20
1767731601512576,orderbook_update,no,23,-200
1767731601514218,orderbook_update,no,22,-200
1767731601524918,orderbook_update,yes,64,400
1767731601525942,orderbook_update,yes,69,-20
1767731601545238,orderbook_update,no,23,-100
1767731601545238,orderbook_update,no,25,100
1767731601566141,orderbook_update,no,23,-200
1767731601625541,orderbook_update,no,24,200
1767731601627608,orderbook_update,no,25,200
1767731601687969,orderbook_update,no,25,200
1767731602032827,orderbook_update,yes,65,20
1767731602158892,orderbook_update,yes,68,-30
1767731602159628,orderbook_update,no,19,-30
1767731602172595,orderbook_update,yes,66,30
1767731602174138,orderbook_update,no,21,30
1767731604000000,trade,no,74,-35
1767731604000000,trade,yes,70,-200
1767731604000000,trade,yes,71,-31
1767731604092940,orderbook_update,yes,66,-30
1767731604094451,orderbook_update,no,21,-30
1767731604106832,orderbook_update,yes,67,30
1767731604107607,orderbook_update,no,20,30
1767731604139907,orderbook_update,yes,70,52
1767731604142459,orderbook_update,yes,71,-21
1767731604190265,orderbook_update,yes,64,-1000
1767731604206213,orderbook_update,yes,74,-35
1767731604206213,orderbook_update,no,26,18
1767731604208639,orderbook_update,yes,70,-52
1767731604210273,orderbook_update,no,25,-31
1767731604246548,orderbook_update,yes,73,-200
1767731604260200,orderbook_update,yes,70,-100
1767731604260200,orderbook_update,yes,68,100
1767731604263977,orderbook_update,no,25,-100
1767731604263977,orderbook_update,no,26,100
1767731604293512,orderbook_update,yes,2,1000
1767731604294256,orderbook_update,yes,69,200
1767731604302582,orderbook_update,no,5,-400
1767731604318876,orderbook_update,yes,68,-100
1767731604318876,orderbook_update,yes,67,100
1767731604319520,orderbook_update,no,26,-100
1767731604319520,orderbook_update,no,27,100
1767731604334165,orderbook_update,no,25,-200
1767731604334487,orderbook_update,no,24,-200
1767731604347486,orderbook_update,no,5,400
1767731604368847,orderbook_update,yes,69,-200
1767731604374348,orderbook_update,no,27,-100
1767731604374348,orderbook_update,no,28,100
1767731604394793,orderbook_update,no,4,-5000
1767731604400220,orderbook_update,no,25,-200
1767731604408587,orderbook_update,yes,68,200
1767731604437800,orderbook_update,no,5,-500
1767731604438524,orderbook_update,no,5,-1000
1767731604439812,orderbook_update,no,5,-2000
1767731604440654,orderbook_update,no,5,-1000
1767731604440776,orderbook_update,no,5,-400
1767731604448913,orderbook_update,no,29,200
1767731604449449,orderbook_update,no,28,200
1767731604492038,orderbook_update,yes,67,-100
1767731604492038,orderbook_update,yes,68,100
1767731604506143,orderbook_update,no,28,-100
1767731604506143,orderbook_update,no,29,100
1767731604506206,orderbook_update,no,29,200
1767731604540551,orderbook_update,yes,68,-100
1767731604540551,orderbook_update,yes,67,100
1767731604543373,orderbook_update,no,8,5000
1767731604560948,orderbook_update,no,29,-200
1767731604562392,orderbook_update,no,28,-200
1767731604592135,orderbook_update,no,9,2000
1767731604592454,orderbook_update,no,9,1000
